ts_recv,ts_event,rtype,publisher_id,instrument_id,action,side,depth,price,size,flags,ts_in_delta,sequence,symbol
1610319600388468162,1610319600000000000,0,1,8605,T,N,0,20000000,2,4,19121,60944,NG:BF H1-J1-K1
1610319600389903295,1610319600000000000,0,1,111293,T,N,0,2600000000,260,4,27492,60945,NGG1
1610319600396370587,1610319600000000000,0,1,61251,T,N,0,9250000,7,4,20931,60946,NGG1-HHG1
1610319600396585223,1610319600000000000,0,1,215880,T,N,0,32000000,47,4,21955,60947,NGG1-NGH1
1610319600402106725,1610319600000000000,0,1,204962,T,N,0,11000000,5,4,39261,60948,NGG1-NGK1
1610319600402373828,1610319600000000000,0,1,129856,T,N,0,3000000000,3,4,20105,60949,NGG2
1610319600403168783,1610319600000000000,0,1,111294,T,N,0,2577000000,62,4,23612,60950,NGH1
1610319600407433095,1610319600000000000,0,1,24512,T,N,0,-9000000,126,4,35549,60951,NGH1-NGJ1
1610319600410459694,1610319600000000000,0,1,204963,T,N,0,-28000000,1,4,27569,60952,NGH1-NGK1
1610319600410692109,1610319600000000000,0,1,111296,T,N,0,2587000000,2,4,19425,60953,NGJ1
1610319600410957305,1610319600000000000,0,1,204979,T,N,0,-22000000,29,4,20294,60954,NGJ1-NGK1
1610319600413557520,1610319600000000000,0,1,41645,T,N,0,-175000000,11,4,19950,60955,NGJ1-NGV1
1610319600414125323,1610319600000000000,0,1,111298,T,N,0,2609000000,2,4,20461,60956,NGK1
1610319600414279815,1610319600000000000,0,1,121372,T,N,0,-57000000,2,4,18265,60957,NGK1-NGM1
1610319600414727858,1610319600000000000,0,1,111299,T,N,0,2677000000,6,4,21244,60958,NGM1
1610319600415255413,1610319600000000000,0,1,111311,T,N,0,2775000000,5,4,18575,60959,NGV1
1610319600415323113,1610319600000000000,0,1,111313,T,N,0,2827000000,1,4,19447,60960,NGX1
1610319600415396005,1610319600000000000,0,1,158336,T,N,0,-129000000,1,4,21422,60961,NGX1-NGZ1
1610319600415915468,1610319600000000000,0,1,111314,T,N,0,2954000000,1,4,18506,60962,NGZ1
1610319600449748054,1610319600000000000,0,1,61251,T,N,0,-9000000,8,4,27022,61061,NGG1-HHG1
1610319600449748054,1610319600000000000,0,1,61251,T,N,0,-8000000,20,4,27022,61061,NGG1-HHG1
1610319600449748054,1610319600000000000,0,1,61251,T,N,0,-7000000,4,4,27022,61061,NGG1-HHG1
1610319600449748054,1610319600000000000,0,1,61251,T,N,0,-5000000,2,4,27022,61061,NGG1-HHG1
1610319600449748054,1610319600000000000,0,1,61251,T,N,0,-3000000,1,4,27022,61061,NGG1-HHG1
1610319600449748054,1610319600000000000,0,1,61251,T,N,0,-2000000,7,4,27022,61061,NGG1-HHG1
1610319600449748054,1610319600000000000,0,1,61251,T,N,0,1000000,2,4,27022,61061,NGG1-HHG1
1610319600449748054,1610319600000000000,0,1,61251,T,N,0,7000000,1,4,27022,61061,NGG1-HHG1
1610319600449748054,1610319600000000000,0,1,111293,T,N,0,2600000000,8,4,27022,61061,NGG1
1610319600449748054,1610319600000000000,0,1,111293,T,N,0,2601000000,20,4,27022,61061,NGG1
1610319600449748054,1610319600000000000,0,1,111293,T,N,0,2602000000,4,4,27022,61061,NGG1
1610319600449748054,1610319600000000000,0,1,111293,T,N,0,2604000000,2,4,27022,61061,NGG1
1610319600449748054,1610319600000000000,0,1,111293,T,N,0,2606000000,1,4,27022,61061,NGG1
1610319600449748054,1610319600000000000,0,1,111293,T,N,0,2607000000,7,4,27022,61061,NGG1
1610319600449748054,1610319600000000000,0,1,111293,T,N,0,2610000000,2,4,27022,61061,NGG1
1610319600449748054,1610319600000000000,0,1,111293,T,N,0,2616000000,1,4,27022,61061,NGG1
1610319600449748054,1610319600000000000,0,1,111293,T,N,0,2618000000,1,4,27022,61061,NGG1
1610319600449765714,1610319600000000000,0,1,61251,T,N,0,9000000,1,4,21177,61062,NGG1-HHG1
1610319600449765714,1610319600000000000,0,1,111298,T,N,0,2610000000,1,4,21177,61062,NGK1
1610319600449765714,1610319600000000000,0,1,204979,T,N,0,-23000000,13,4,21177,61062,NGJ1-NGK1
1610319600449765714,1610319600000000000,0,1,204979,T,N,0,-24000000,20,4,21177,61062,NGJ1-NGK1
1610319600449765714,1610319600000000000,0,1,111296,T,N,0,2582000000,7,4,21177,61062,NGJ1
1610319600449765714,1610319600000000000,0,1,24512,T,N,0,-9000000,1,4,21177,61062,NGH1-NGJ1
1610319600449765714,1610319600000000000,0,1,24512,T,N,0,-6000000,27,4,21177,61062,NGH1-NGJ1
1610319600449765714,1610319600000000000,0,1,111294,T,N,0,2579000000,6,4,21177,61062,NGH1
1610319600449765714,1610319600000000000,0,1,8605,T,N,0,20000000,6,4,21177,61062,NG:BF H1-J1-K1
1610319600449765714,1610319600000000000,0,1,8605,T,N,0,19000000,1,4,21177,61062,NG:BF H1-J1-K1
1610319600449765714,1610319600000000000,0,1,8605,T,N,0,17000000,7,4,21177,61062,NG:BF H1-J1-K1
1610319600449765714,1610319600000000000,0,1,8605,T,N,0,18000000,20,4,21177,61062,NG:BF H1-J1-K1
1610319600524386274,1610319600010461069,0,1,215880,T,A,0,32000000,3,4,18715,61311,NGG1-NGH1
1610319600528445194,1610319600019215435,0,1,215880,T,N,0,32000000,5,4,20555,61362,NGG1-NGH1
1610319600528445194,1610319600019215435,0,1,215880,T,N,0,33000000,3,4,20555,61362,NGG1-NGH1
1610319600528445194,1610319600019215435,0,1,111294,T,N,0,2580000000,6,4,20555,61362,NGH1
1610319600528445194,1610319600019215435,0,1,111294,T,N,0,2581000000,2,4,20555,61362,NGH1
1610319600528445194,1610319600019215435,0,1,111293,T,B,0,2612000000,5,4,20555,61362,NGG1
1610319600528445194,1610319600019215435,0,1,111293,T,B,0,2613000000,1,4,20555,61362,NGG1
1610319600528445194,1610319600019215435,0,1,111293,T,B,0,2614000000,2,132,20555,61362,NGG1
1610319600529352893,1610319600019675105,0,1,111293,T,B,0,2614000000,2,4,18992,61368,NGG1
1610319600529352893,1610319600019675105,0,1,111293,T,B,0,2615000000,3,132,18992,61368,NGG1
1610319600529352893,1610319600019675105,0,1,111294,T,N,0,2581000000,2,4,18992,61368,NGH1
1610319600529352893,1610319600019675105,0,1,111294,T,N,0,2582000000,3,4,18992,61368,NGH1
1610319600529352893,1610319600019675105,0,1,215880,T,N,0,33000000,5,4,18992,61368,NGG1-NGH1
1610319600557741605,1610319600180953905,0,1,204979,T,A,0,-24000000,8,4,20170,61496,NGJ1-NGK1
1610319600577878564,1610319600358346059,0,1,215880,T,A,0,31000000,5,4,28469,61555,NGG1-NGH1
1610319600577977632,1610319600391638391,0,1,111293,T,A,0,2612000000,7,132,18589,61557,NGG1
1610319600577977632,1610319600391638391,0,1,61251,T,N,0,9000000,7,4,18589,61557,NGG1-HHG1
1610319600578609791,1610319600393829755,0,1,61251,T,N,0,9000000,7,4,18543,61559,NGG1-HHG1
1610319600578609791,1610319600393829755,0,1,111293,T,A,0,2612000000,7,132,18543,61559,NGG1
1610319600579454053,1610319600398172967,0,1,111293,T,A,0,2612000000,4,4,23989,61563,NGG1
1610319600579454053,1610319600398172967,0,1,111293,T,A,0,2610000000,1,4,23989,61563,NGG1
1610319600579454053,1610319600398172967,0,1,111293,T,A,0,2608000000,2,132,23989,61563,NGG1
1610319600579454053,1610319600398172967,0,1,61251,T,N,0,9000000,4,4,23989,61563,NGG1-HHG1
1610319600579454053,1610319600398172967,0,1,215880,T,N,0,31000000,1,4,23989,61563,NGG1-NGH1
1610319600579454053,1610319600398172967,0,1,111294,T,N,0,2577000000,2,4,23989,61563,NGH1
1610319600579454053,1610319600398172967,0,1,24512,T,N,0,-10000000,1,4,23989,61563,NGH1-NGJ1
1610319600579454053,1610319600398172967,0,1,111298,T,N,0,2600000000,1,4,23989,61563,NGK1
1610319600579454053,1610319600398172967,0,1,204962,T,N,0,10000000,1,4,23989,61563,NGG1-NGK1
1610319600579454053,1610319600398172967,0,1,26953,T,N,0,41000000,1,4,23989,61563,NG:BF G1-H1-J1
1610319600581053338,1610319600398607351,0,1,26953,T,N,0,40000000,1,4,25493,61569,NG:BF G1-H1-J1
1610319600581053338,1610319600398607351,0,1,24512,T,N,0,-10000000,1,4,25493,61569,NGH1-NGJ1
1610319600581053338,1610319600398607351,0,1,111294,T,N,0,2577000000,7,4,25493,61569,NGH1
1610319600581053338,1610319600398607351,0,1,215880,T,N,0,31000000,2,4,25493,61569,NGG1-NGH1
1610319600581053338,1610319600398607351,0,1,215880,T,N,0,30000000,4,4,25493,61569,NGG1-NGH1
1610319600581053338,1610319600398607351,0,1,111293,T,A,0,2608000000,2,4,25493,61569,NGG1
1610319600581053338,1610319600398607351,0,1,111293,T,A,0,2607000000,5,132,25493,61569,NGG1
1610319600581256494,1610319600399939925,0,1,111293,T,A,0,2607000000,3,4,20760,61572,NGG1
1610319600581256494,1610319600399939925,0,1,111293,T,A,0,2606000000,4,132,20760,61572,NGG1
1610319600581256494,1610319600399939925,0,1,215880,T,N,0,30000000,3,4,20760,61572,NGG1-NGH1
1610319600581256494,1610319600399939925,0,1,215880,T,N,0,29000000,3,4,20760,61572,NGG1-NGH1
1610319600581256494,1610319600399939925,0,1,111294,T,N,0,2577000000,7,4,20760,61572,NGH1
1610319600581256494,1610319600399939925,0,1,24512,T,N,0,-10000000,1,4,20760,61572,NGH1-NGJ1
1610319600581256494,1610319600399939925,0,1,26953,T,N,0,39000000,1,4,20760,61572,NG:BF G1-H1-J1
1610319600581448866,1610319600403966733,0,1,111294,T,N,0,2577000000,7,4,20001,61575,NGH1
1610319600581448866,1610319600403966733,0,1,215880,T,N,0,29000000,7,4,20001,61575,NGG1-NGH1
1610319600581448866,1610319600403966733,0,1,111293,T,A,0,2606000000,7,132,20001,61575,NGG1
1610319600581843989,1610319600404606239,0,1,111293,T,A,0,2606000000,4,4,18927,61584,NGG1
1610319600581843989,1610319600404606239,0,1,111293,T,A,0,2605000000,3,132,18927,61584,NGG1
1610319600581843989,1610319600404606239,0,1,215880,T,N,0,29000000,4,4,18927,61584,NGG1-NGH1
1610319600581843989,1610319600404606239,0,1,215880,T,N,0,28000000,3,4,18927,61584,NGG1-NGH1
1610319600581843989,1610319600404606239,0,1,111294,T,N,0,2577000000,7,4,18927,61584,NGH1
1610319600582277656,1610319600406708561,0,1,111294,T,N,0,2577000000,7,4,18347,61590,NGH1
1610319600582277656,1610319600406708561,0,1,215880,T,N,0,28000000,7,4,18347,61590,NGG1-NGH1
1610319600582277656,1610319600406708561,0,1,111293,T,A,0,2605000000,7,132,18347,61590,NGG1
1610319600582414816,1610319600411350959,0,1,111293,T,A,0,2605000000,7,132,18859,61594,NGG1
1610319600582414816,1610319600411350959,0,1,215880,T,N,0,28000000,7,4,18859,61594,NGG1-NGH1
1610319600582414816,1610319600411350959,0,1,111294,T,N,0,2577000000,7,4,18859,61594,NGH1
1610319600583358506,1610319600416801155,0,1,204979,T,B,0,-24000000,1,4,18354,61601,NGJ1-NGK1
1610319600583489678,1610319600416922099,0,1,111296,T,N,0,2591000000,1,4,19070,61603,NGJ1
1610319600583489678,1610319600416922099,0,1,111299,T,B,0,2677000000,2,4,19070,61603,NGM1
1610319600583489678,1610319600416922099,0,1,111299,T,B,0,2689000000,1,4,19070,61603,NGM1
1610319600583489678,1610319600416922099,0,1,111299,T,B,0,2690000000,5,4,19070,61603,NGM1
1610319600583489678,1610319600416922099,0,1,121360,T,N,0,-98000000,1,4,19070,61603,NGJ1-NGM1
1610319600585170579,1610319600416955381,0,1,111294,T,N,0,2577000000,1,4,17937,61611,NGH1
1610319600585170579,1610319600416955381,0,1,215880,T,B,0,30000000,1,132,17937,61611,NGG1-NGH1
1610319600585170579,1610319600416955381,0,1,111293,T,N,0,2607000000,1,4,17937,61611,NGG1
1610319600585832270,1610319600417147755,0,1,24512,T,B,0,-6000000,1,4,18471,61615,NGH1-NGJ1
1610319600586664936,1610319600424656219,0,1,111299,T,A,0,2690000000,1,4,17275,61619,NGM1
1610319600587475938,1610319600424678079,0,1,121372,T,B,0,-56000000,1,4,17818,61624,NGK1-NGM1
1610319600593839807,1610319600424745641,0,1,111299,T,N,0,2690000000,1,4,21943,61657,NGM1
1610319600593839807,1610319600424745641,0,1,10746,T,N,0,-84000000,1,4,21943,61657,NGM1-NGQ1
1610319600593839807,1610319600424745641,0,1,111303,T,A,0,2774000000,1,132,21943,61657,NGQ1
1610319600597325065,1610319600424756863,0,1,111311,T,A,0,2775000000,1,132,23541,61671,NGV1
1610319600597325065,1610319600424756863,0,1,19540,T,N,0,-285000000,1,4,23541,61671,NGV1-NGF2
1610319600597325065,1610319600424756863,0,1,143984,T,N,0,3060000000,1,4,23541,61671,NGF2
1610319600615891803,1610319600425758533,0,1,111311,T,N,0,2766000000,1,4,18475,61786,NGV1
1610319600615891803,1610319600425758533,0,1,111296,T,A,0,2587000000,1,132,18475,61786,NGJ1
1610319600615891803,1610319600425758533,0,1,41645,T,N,0,-179000000,1,4,18475,61786,NGJ1-NGV1
1610319600649245290,1610319600428415075,0,1,204979,T,B,0,-24000000,1,4,18000,62084,NGJ1-NGK1
1610319600724835272,1610319600434019751,0,1,24512,T,B,0,-9000000,1,4,17691,62616,NGH1-NGJ1
1610319600725076295,1610319600434049495,0,1,204979,T,B,0,-24000000,1,4,17759,62620,NGJ1-NGK1
1610319600725692946,1610319600434437461,0,1,24512,T,A,0,-10000000,1,4,18260,62632,NGH1-NGJ1
1610319600725802198,1610319600434438907,0,1,24512,T,A,0,-10000000,6,4,17439,62634,NGH1-NGJ1
1610319600728953220,1610319600435433283,0,1,111293,T,A,0,2608000000,1,132,18220,62684,NGG1
1610319600728953220,1610319600435433283,0,1,215880,T,N,0,31000000,1,4,18220,62684,NGG1-NGH1
1610319600728953220,1610319600435433283,0,1,111294,T,N,0,2577000000,1,4,18220,62684,NGH1
1610319600731587052,1610319600436530881,0,1,204979,T,B,0,-24000000,1,4,17914,62735,NGJ1-NGK1
1610319600731725135,1610319600436535075,0,1,24512,T,B,0,-10000000,1,4,17770,62737,NGH1-NGJ1
1610319600732453398,1610319600437203385,0,1,204979,T,B,0,-24000000,1,4,18018,62755,NGJ1-NGK1
1610319600732590558,1610319600437207333,0,1,24512,T,B,0,-10000000,1,4,18056,62757,NGH1-NGJ1
1610319600733166693,1610319600437700815,0,1,204979,T,B,0,-24000000,1,4,17825,62769,NGJ1-NGK1
1610319600733291372,1610319600437705405,0,1,24512,T,B,0,-10000000,1,4,17834,62771,NGH1-NGJ1
1610319600735900536,1610319600442464285,0,1,204979,T,B,0,-24000000,10,4,17269,62835,NGJ1-NGK1
1610319600737025766,1610319600449073523,0,1,24463,T,A,0,16000000,1,4,18358,62862,NGG1-NGJ1
1610319600737584301,1610319600449761667,0,1,24512,T,B,0,-10000000,1,4,17261,62874,NGH1-NGJ1
1610319600737716540,1610319600449765533,0,1,24512,T,B,0,-10000000,1,4,17440,62876,NGH1-NGJ1
1610319600737840432,1610319600449769013,0,1,111294,T,B,0,2578000000,1,4,18332,62878,NGH1
1610319600738723723,1610319600449771307,0,1,24512,T,B,0,-10000000,3,4,18480,62883,NGH1-NGJ1
1610319600738723723,1610319600449771307,0,1,24512,T,B,0,-9000000,2,4,18480,62883,NGH1-NGJ1
1610319600741259270,1610319600450044833,0,1,24463,T,B,0,19000000,1,4,17876,62901,NGG1-NGJ1
1610319600741323414,1610319600450049243,0,1,204979,T,B,0,-24000000,5,4,17824,62903,NGJ1-NGK1
1610319600744001365,1610319600452656999,0,1,111294,T,B,0,2581000000,1,4,23644,62928,NGH1
1610319600744001365,1610319600452656999,0,1,111294,T,B,0,2584000000,2,4,23644,62928,NGH1
1610319600744001365,1610319600452656999,0,1,111294,T,B,0,2585000000,6,4,23644,62928,NGH1
1610319600744001365,1610319600452656999,0,1,111294,T,B,0,2586000000,3,4,23644,62928,NGH1
1610319600744001365,1610319600452656999,0,1,111294,T,B,0,2587000000,3,4,23644,62928,NGH1
1610319600744001365,1610319600452656999,0,1,111294,T,B,0,2589000000,4,4,23644,62928,NGH1
1610319600744001365,1610319600452656999,0,1,111294,T,B,0,2590000000,14,4,23644,62928,NGH1
1610319600744001365,1610319600452656999,0,1,111294,T,B,0,2592000000,6,4,23644,62928,NGH1
1610319600744001365,1610319600452656999,0,1,215880,T,N,0,31000000,3,4,23644,62928,NGG1-NGH1
1610319600744001365,1610319600452656999,0,1,215880,T,N,0,29000000,3,4,23644,62928,NGG1-NGH1
1610319600744001365,1610319600452656999,0,1,215880,T,N,0,28000000,7,4,23644,62928,NGG1-NGH1
1610319600744001365,1610319600452656999,0,1,111293,T,N,0,2618000000,13,4,23644,62928,NGG1
1610319600744001365,1610319600452656999,0,1,111299,T,N,0,2666000000,1,4,23644,62928,NGM1
1610319600744001365,1610319600452656999,0,1,111299,T,N,0,2669000000,1,4,23644,62928,NGM1
1610319600744001365,1610319600452656999,0,1,121353,T,N,0,-80000000,1,4,23644,62928,NGH1-NGM1
1610319600744001365,1610319600452656999,0,1,121353,T,N,0,-79000000,1,4,23644,62928,NGH1-NGM1
1610319600744001365,1610319600452656999,0,1,62618,T,N,0,-145000000,1,4,23644,62928,NGH1-NGN1
1610319600744001365,1610319600452656999,0,1,111301,T,N,0,2735000000,1,4,23644,62928,NGN1
1610319600745859526,1610319600452658377,0,1,111301,T,N,0,2738000000,1,4,21712,62941,NGN1
1610319600745859526,1610319600452658377,0,1,111301,T,N,0,2741000000,1,4,21712,62941,NGN1
1610319600745859526,1610319600452658377,0,1,111301,T,N,0,2743000000,1,4,21712,62941,NGN1
1610319600745859526,1610319600452658377,0,1,111301,T,N,0,2744000000,1,4,21712,62941,NGN1
1610319600745859526,1610319600452658377,0,1,111301,T,N,0,2747000000,1,4,21712,62941,NGN1
1610319600745859526,1610319600452658377,0,1,111299,T,B,0,2672000000,2,4,21712,62941,NGM1
1610319600745859526,1610319600452658377,0,1,111299,T,B,0,2675000000,1,4,21712,62941,NGM1
1610319600745859526,1610319600452658377,0,1,111299,T,B,0,2676000000,1,4,21712,62941,NGM1
1610319600745859526,1610319600452658377,0,1,111299,T,B,0,2677000000,1,4,21712,62941,NGM1
1610319600745859526,1610319600452658377,0,1,111299,T,B,0,2678000000,1,4,21712,62941,NGM1
1610319600745859526,1610319600452658377,0,1,111299,T,B,0,2680000000,1,4,21712,62941,NGM1
1610319600745859526,1610319600452658377,0,1,111299,T,B,0,2681000000,1,4,21712,62941,NGM1
1610319600745859526,1610319600452658377,0,1,62831,T,N,0,-66000000,5,4,21712,62941,NGM1-NGN1
1610319600747782690,1610319600452664741,0,1,24512,T,A,0,-10000000,14,4,18626,62951,NGH1-NGJ1
1610319600747782690,1610319600452664741,0,1,24512,T,A,0,-11000000,17,4,18626,62951,NGH1-NGJ1
1610319600747905410,1610319600452666193,0,1,204979,T,A,0,-25000000,23,4,18276,62953,NGJ1-NGK1
1610319600748052350,1610319600452666357,0,1,62831,T,A,0,-67000000,15,4,18338,62955,NGM1-NGN1
1610319600748066929,1610319600452666357,0,1,62831,T,A,0,-67000000,1,4,18067,62956,NGM1-NGN1
1610319600748200529,1610319600452666543,0,1,282784,T,A,0,12000000,8,4,18058,62958,NGQ1-NGU1
1610319600748650416,1610319600453523741,0,1,24512,T,A,0,-11000000,8,4,18619,62964,NGH1-NGJ1
1610319600750968504,1610319600458020843,0,1,62831,T,N,0,-66000000,1,4,18754,62987,NGM1-NGN1
1610319600750968504,1610319600458020843,0,1,111299,T,B,0,2684000000,2,4,18754,62987,NGM1
1610319600750968504,1610319600458020843,0,1,111301,T,N,0,2750000000,1,4,18754,62987,NGN1
1610319600752113110,1610319600458699487,0,1,111293,T,A,0,2610000000,7,4,18589,62994,NGG1
1610319600754378810,1610319600463372425,0,1,111299,T,N,0,2683000000,1,4,18395,63007,NGM1
1610319600754378810,1610319600463372425,0,1,121353,T,N,0,-95000000,1,4,18395,63007,NGH1-NGM1
1610319600754378810,1610319600463372425,0,1,111294,T,A,0,2588000000,1,132,18395,63007,NGH1
1610319600755286584,1610319600464752459,0,1,111293,T,B,0,2621000000,7,4,17826,63013,NGG1
1610319600758930490,1610319600468940779,0,1,111311,T,A,0,2778000000,1,132,18570,63025,NGV1
1610319600758930490,1610319600468940779,0,1,129856,T,N,0,3000000000,1,4,18570,63025,NGG2
1610319600758930490,1610319600468940779,0,1,127862,T,N,0,-222000000,1,4,18570,63025,NGV1-NGG2
1610319600761029414,1610319600472371221,0,1,24512,T,A,0,-11000000,3,4,18160,63032,NGH1-NGJ1
1610319600764281012,1610319600479741029,0,1,111294,T,A,0,2587000000,1,132,18784,63047,NGH1
1610319600764281012,1610319600479741029,0,1,121353,T,N,0,-96000000,1,4,18784,63047,NGH1-NGM1
1610319600764281012,1610319600479741029,0,1,111299,T,N,0,2683000000,1,4,18784,63047,NGM1
1610319600764939235,1610319600480235479,0,1,24512,T,B,0,-9000000,1,4,18021,63049,NGH1-NGJ1
1610319600765785873,1610319600489546747,0,1,24512,T,A,0,-11000000,3,4,18048,63057,NGH1-NGJ1
1610319600766655043,1610319600489546747,0,1,24512,T,A,0,-11000000,1,4,18417,63062,NGH1-NGJ1
1610319600767582846,1610319600489546747,0,1,24512,T,A,0,-11000000,1,4,17421,63068,NGH1-NGJ1
1610319600767928537,1610319600489559501,0,1,158336,T,A,0,-130000000,1,4,18048,63073,NGX1-NGZ1
1610319600768582344,1610319600489559501,0,1,24512,T,A,0,-11000000,1,4,17772,63076,NGH1-NGJ1
1610319600770144261,1610319600489568487,0,1,24512,T,A,0,-11000000,3,4,17778,63083,NGH1-NGJ1
1610319600771129511,1610319600489568487,0,1,24512,T,A,0,-11000000,1,4,18244,63089,NGH1-NGJ1
1610319600772053290,1610319600491494007,0,1,111299,T,N,0,2683000000,1,4,23269,63096,NGM1
1610319600772053290,1610319600491494007,0,1,111296,T,A,0,2597000000,1,132,23269,63096,NGJ1
1610319600772053290,1610319600491494007,0,1,121360,T,N,0,-86000000,1,4,23269,63096,NGJ1-NGM1
1610319600774201814,1610319600507016427,0,1,111299,T,N,0,2683000000,1,4,18102,63117,NGM1
1610319600774201814,1610319600507016427,0,1,121372,T,N,0,-56000000,1,4,18102,63117,NGK1-NGM1
1610319600774201814,1610319600507016427,0,1,111298,T,A,0,2627000000,1,132,18102,63117,NGK1
1610319600774942680,1610319600508010537,0,1,111298,T,A,0,2627000000,1,132,18534,63119,NGK1
1610319600774942680,1610319600508010537,0,1,121372,T,N,0,-56000000,1,4,18534,63119,NGK1-NGM1
1610319600774942680,1610319600508010537,0,1,111299,T,N,0,2683000000,1,4,18534,63119,NGM1
1610319600776360022,1610319600509011351,0,1,111299,T,N,0,2683000000,1,4,18230,63122,NGM1
1610319600776360022,1610319600509011351,0,1,121372,T,N,0,-56000000,1,4,18230,63122,NGK1-NGM1
1610319600776360022,1610319600509011351,0,1,111298,T,A,0,2627000000,1,132,18230,63122,NGK1
1610319600777906243,1610319600510011621,0,1,111298,T,A,0,2626000000,1,132,18656,63130,NGK1
1610319600777906243,1610319600510011621,0,1,121372,T,N,0,-57000000,1,4,18656,63130,NGK1-NGM1
1610319600777906243,1610319600510011621,0,1,111299,T,N,0,2683000000,1,4,18656,63130,NGM1
1610319600781534200,1610319600511541509,0,1,215880,T,B,0,29000000,1,4,17927,63143,NGG1-NGH1
1610319600801912523,1610319600527947143,0,1,111293,T,A,0,2610000000,7,4,17827,63298,NGG1
1610319600802551094,1610319600528276927,0,1,24512,T,A,0,-10000000,1,4,18030,63300,NGH1-NGJ1
1610319600802749642,1610319600528456963,0,1,215880,T,B,0,30000000,5,4,18550,63303,NGG1-NGH1
1610319600819469475,1610319600536787651,0,1,204979,T,B,0,-24000000,1,4,17804,63400,NGJ1-NGK1
1610319600819607907,1610319600536788971,0,1,121372,T,B,0,-55000000,1,4,18059,63402,NGK1-NGM1
1610319600820032758,1610319600538214713,0,1,121372,T,B,0,-55000000,1,4,29811,63412,NGK1-NGM1
1610319600820154374,1610319600538214989,0,1,204979,T,B,0,-24000000,1,4,18555,63414,NGJ1-NGK1
1610319600820276294,1610319600538347199,0,1,121372,T,B,0,-55000000,1,4,17892,63416,NGK1-NGM1
1610319600820440050,1610319600538347789,0,1,204979,T,B,0,-24000000,1,4,18445,63418,NGJ1-NGK1
1610319600820576017,1610319600538351267,0,1,62831,T,B,0,-66000000,1,4,18046,63420,NGM1-NGN1
1610319600826275191,1610319600551350563,0,1,62831,T,N,0,-66000000,1,4,21314,63461,NGM1-NGN1
1610319600826275191,1610319600551350563,0,1,111299,T,B,0,2683000000,1,4,21314,63461,NGM1
1610319600826275191,1610319600551350563,0,1,111299,T,B,0,2687000000,2,4,21314,63461,NGM1
1610319600826275191,1610319600551350563,0,1,111299,T,B,0,2686000000,1,4,21314,63461,NGM1
1610319600826275191,1610319600551350563,0,1,111299,T,B,0,2688000000,1,4,21314,63461,NGM1
1610319600826275191,1610319600551350563,0,1,111299,T,B,0,2690000000,1,4,21314,63461,NGM1
1610319600826275191,1610319600551350563,0,1,111298,T,N,0,2630000000,1,4,21314,63461,NGK1
1610319600826275191,1610319600551350563,0,1,121353,T,N,0,-99000000,1,4,21314,63461,NGH1-NGM1
1610319600826275191,1610319600551350563,0,1,111294,T,N,0,2584000000,1,4,21314,63461,NGH1
1610319600826275191,1610319600551350563,0,1,111301,T,N,0,2753000000,1,4,21314,63461,NGN1
1610319600826275191,1610319600551350563,0,1,111301,T,N,0,2756000000,1,4,21314,63461,NGN1
1610319600826275191,1610319600551350563,0,1,111303,T,N,0,2771000000,1,4,21314,63461,NGQ1
1610319600826275191,1610319600551350563,0,1,10746,T,N,0,-84000000,1,4,21314,63461,NGM1-NGQ1
1610319600826275191,1610319600551350563,0,1,34802,T,N,0,10000000,1,4,21314,63461,NG:BF K1-M1-N1
1610319600829265741,1610319600551828743,0,1,204979,T,A,0,-25000000,1,4,18092,63477,NGJ1-NGK1
1610319600829394297,1610319600551830441,0,1,121372,T,A,0,-57000000,1,4,17914,63479,NGK1-NGM1
1610319600829901528,1610319600554527625,0,1,126661,T,A,0,60000000,1,4,24344,63486,NGF2-NGG2
1610319600830007532,1610319600554527917,0,1,158336,T,A,0,-130000000,1,4,18016,63488,NGX1-NGZ1
1610319600830120204,1610319600554529935,0,1,17356,T,A,0,-89000000,1,4,18218,63490,NGZ1-NGF2
1610319600830228732,1610319600554531575,0,1,209631,T,A,0,-57000000,1,4,18026,63492,NGV1-NGX1
1610319600832506899,1610319600558064625,0,1,204979,T,B,0,-24000000,1,4,18161,63522,NGJ1-NGK1
1610319600832616283,1610319600558076851,0,1,24463,T,B,0,20000000,1,4,17781,63524,NGG1-NGJ1
1610319600833457682,1610319600558450765,0,1,204979,T,B,0,-24000000,1,4,17883,63529,NGJ1-NGK1
1610319600833577633,1610319600558456465,0,1,24463,T,B,0,21000000,1,4,16955,63531,NGG1-NGJ1
1610319600838271077,1610319600565179937,0,1,204979,T,A,0,-25000000,1,4,18167,63572,NGJ1-NGK1
1610319600838409677,1610319600565183289,0,1,121372,T,A,0,-57000000,1,4,18307,63574,NGK1-NGM1
1610319600838611964,1610319600566501171,0,1,121372,T,A,0,-57000000,1,4,17801,63579,NGK1-NGM1
1610319600838737564,1610319600566502347,0,1,204979,T,A,0,-25000000,1,4,17057,63581,NGJ1-NGK1
1610319600839659838,1610319600571702301,0,1,111294,T,N,0,2583000000,1,4,18710,63593,NGH1
1610319600839659838,1610319600571702301,0,1,215880,T,N,0,28000000,1,4,18710,63593,NGG1-NGH1
1610319600839659838,1610319600571702301,0,1,111293,T,A,0,2611000000,1,4,18710,63593,NGG1
1610319600839659838,1610319600571702301,0,1,111293,T,A,0,2610000000,2,4,18710,63593,NGG1
1610319600840871088,1610319600575215087,0,1,111293,T,B,0,2616000000,1,132,18369,63603,NGG1
1610319600840871088,1610319600575215087,0,1,215880,T,N,0,30000000,1,4,18369,63603,NGG1-NGH1
1610319600840871088,1610319600575215087,0,1,111294,T,N,0,2586000000,1,4,18369,63603,NGH1
1610319600845477128,1610319600579467751,0,1,111293,T,N,0,2610000000,1,4,18106,63622,NGG1
1610319600845477128,1610319600579467751,0,1,111298,T,A,0,2608000000,1,132,18106,63622,NGK1
1610319600845477128,1610319600579467751,0,1,204962,T,N,0,2000000,1,4,18106,63622,NGG1-NGK1
1610319600846710305,1610319600580493509,0,1,111293,T,B,0,2618000000,7,4,18254,63634,NGG1
1610319600851061601,1610319600582304389,0,1,215880,T,A,0,28000000,1,4,18306,63664,NGG1-NGH1
1610319600851698804,1610319600583172851,0,1,111293,T,A,0,2610000000,1,4,18362,63672,NGG1
1610319600851732416,1610319600583177045,0,1,111293,T,N,0,2610000000,1,4,19043,63674,NGG1
1610319600851732416,1610319600583177045,0,1,215880,T,N,0,30000000,1,4,19043,63674,NGG1-NGH1
1610319600851732416,1610319600583177045,0,1,111294,T,A,0,2580000000,1,132,19043,63674,NGH1
1610319600855374734,1610319600585119889,0,1,111301,T,B,0,2744000000,1,132,18322,63704,NGN1
1610319600855374734,1610319600585119889,0,1,111299,T,N,0,2677000000,1,4,18322,63704,NGM1
1610319600855374734,1610319600585119889,0,1,62831,T,N,0,-67000000,1,4,18322,63704,NGM1-NGN1
1610319600856209832,1610319600585120059,0,1,111299,T,B,0,2677000000,1,132,17942,63709,NGM1
1610319600856209832,1610319600585120059,0,1,111298,T,N,0,2620000000,1,4,17942,63709,NGK1
1610319600856209832,1610319600585120059,0,1,121372,T,N,0,-57000000,1,4,17942,63709,NGK1-NGM1
1610319600858516900,1610319600585133493,0,1,111298,T,B,0,2618000000,1,132,18660,63720,NGK1
1610319600858516900,1610319600585133493,0,1,111294,T,N,0,2581000000,1,4,18660,63720,NGH1
1610319600858516900,1610319600585133493,0,1,204963,T,N,0,-37000000,1,4,18660,63720,NGH1-NGK1
1610319600860282749,1610319600586119979,0,1,111298,T,N,0,2623000000,1,4,17616,63733,NGK1
1610319600860282749,1610319600586119979,0,1,121372,T,N,0,-57000000,1,4,17616,63733,NGK1-NGM1
1610319600860282749,1610319600586119979,0,1,111299,T,B,0,2680000000,1,4,17616,63733,NGM1
1610319600861412447,1610319600586122155,0,1,111299,T,N,0,2684000000,1,4,18060,63741,NGM1
1610319600861412447,1610319600586122155,0,1,62831,T,N,0,-67000000,1,4,18060,63741,NGM1-NGN1
1610319600861412447,1610319600586122155,0,1,111301,T,B,0,2751000000,1,132,18060,63741,NGN1
1610319600874843330,1610319600591967851,0,1,121372,T,A,0,-57000000,1,4,17871,63799,NGK1-NGM1
1610319600875009830,1610319600591969431,0,1,204979,T,A,0,-25000000,1,4,17512,63801,NGJ1-NGK1
1610319600875144897,1610319600592299945,0,1,111294,T,N,0,2589000000,1,4,19148,63804,NGH1
1610319600875144897,1610319600592299945,0,1,215880,T,N,0,30000000,1,4,19148,63804,NGG1-NGH1
1610319600875144897,1610319600592299945,0,1,111293,T,B,0,2618000000,2,4,19148,63804,NGG1
1610319600875144897,1610319600592299945,0,1,111293,T,B,0,2619000000,1,4,19148,63804,NGG1
1610319600875144897,1610319600592299945,0,1,111293,T,B,0,2621000000,1,4,19148,63804,NGG1
1610319600881137403,1610319600599610255,0,1,24512,T,B,0,-9000000,1,4,19399,63844,NGH1-NGJ1
1610319600881301114,1610319600599622979,0,1,204979,T,B,0,-24000000,1,4,18070,63847,NGJ1-NGK1
1610319600888526857,1610319600615124851,0,1,111293,T,B,0,2621000000,7,4,17847,63914,NGG1
1610319600889090592,1610319600617463439,0,1,204979,T,A,0,-25000000,1,4,18929,63923,NGJ1-NGK1
1610319600889359988,1610319600619951889,0,1,215880,T,B,0,30000000,1,4,18032,63930,NGG1-NGH1
1610319600895340369,1610319600645874113,0,1,111294,T,N,0,2589000000,1,4,18550,64066,NGH1
1610319600895340369,1610319600645874113,0,1,111299,T,N,0,2690000000,1,4,18550,64066,NGM1
1610319600895340369,1610319600645874113,0,1,121353,T,B,0,-101000000,1,132,18550,64066,NGH1-NGM1
1610319600896309071,1610319600647599243,0,1,24512,T,A,0,-11000000,1,4,18141,64081,NGH1-NGJ1
1610319600896352799,1610319600647600823,0,1,204979,T,A,0,-25000000,1,4,17280,64083,NGJ1-NGK1
1610319600897003062,1610319600649255775,0,1,204979,T,B,0,-24000000,35,4,18356,64094,NGJ1-NGK1
1610319600897737440,1610319600657665759,0,1,121353,T,N,0,-100000000,1,4,17705,64118,NGH1-NGM1
1610319600897737440,1610319600657665759,0,1,111299,T,N,0,2690000000,1,4,17705,64118,NGM1
1610319600897737440,1610319600657665759,0,1,111294,T,A,0,2590000000,1,132,17705,64118,NGH1
1610319600897900732,1610319600659313761,0,1,121372,T,A,0,-57000000,1,4,18338,64120,NGK1-NGM1
1610319600897952396,1610319600659317307,0,1,24512,T,A,0,-11000000,1,4,17033,64122,NGH1-NGJ1
1610319600898156660,1610319600667416811,0,1,111293,T,A,0,2612000000,3,4,19826,64127,NGG1
1610319600898156660,1610319600667416811,0,1,111293,T,A,0,2610000000,4,4,19826,64127,NGG1
1610319600899856789,1610319600684453733,0,1,111294,T,N,0,2589000000,1,4,18714,64155,NGH1
1610319600899856789,1610319600684453733,0,1,111301,T,N,0,2751000000,1,4,18714,64155,NGN1
1610319600899856789,1610319600684453733,0,1,62618,T,B,0,-162000000,1,4,18714,64155,NGH1-NGN1
1610319600900301740,1610319600687253871,0,1,111294,T,N,0,2592000000,1,4,18143,64163,NGH1
1610319600900301740,1610319600687253871,0,1,111299,T,N,0,2690000000,1,4,18143,64163,NGM1
1610319600900301740,1610319600687253871,0,1,121353,T,B,0,-98000000,1,132,18143,64163,NGH1-NGM1
1610319600901509245,1610319600694913283,0,1,111293,T,A,0,2610000000,1,4,18244,64195,NGG1
1610319600901843409,1610319600698022075,0,1,121353,T,B,0,-101000000,1,132,23437,64200,NGH1-NGM1
1610319600901843409,1610319600698022075,0,1,111299,T,N,0,2690000000,1,4,23437,64200,NGM1
1610319600901843409,1610319600698022075,0,1,111294,T,N,0,2589000000,1,4,23437,64200,NGH1
1610319600904266304,1610319600708147355,0,1,111299,T,N,0,2690000000,1,4,22882,64261,NGM1
1610319600904266304,1610319600708147355,0,1,121372,T,N,0,-57000000,1,4,22882,64261,NGK1-NGM1
1610319600904266304,1610319600708147355,0,1,111298,T,A,0,2633000000,1,132,22882,64261,NGK1
1610319600904618956,1610319600709147505,0,1,111298,T,A,0,2633000000,1,132,18654,64267,NGK1
1610319600904618956,1610319600709147505,0,1,121372,T,N,0,-57000000,1,4,18654,64267,NGK1-NGM1
1610319600904618956,1610319600709147505,0,1,111299,T,N,0,2690000000,1,4,18654,64267,NGM1
1610319600905132663,1610319600713890835,0,1,111299,T,N,0,2690000000,1,4,18479,64278,NGM1
1610319600905132663,1610319600713890835,0,1,111294,T,N,0,2592000000,1,4,18479,64278,NGH1
1610319600905132663,1610319600713890835,0,1,121353,T,B,0,-98000000,1,132,18479,64278,NGH1-NGM1
1610319600905437438,1610319600714808591,0,1,121372,T,A,0,-57000000,1,4,18255,64282,NGK1-NGM1
1610319600905480318,1610319600714808881,0,1,204979,T,A,0,-25000000,1,4,18369,64284,NGJ1-NGK1
1610319600906304185,1610319600718733161,0,1,24512,T,A,0,-11000000,1,4,18076,64297,NGH1-NGJ1
1610319600906859640,1610319600720661185,0,1,121372,T,N,0,-57000000,1,4,18955,64306,NGK1-NGM1
1610319600906859640,1610319600720661185,0,1,111299,T,N,0,2690000000,1,4,18955,64306,NGM1
1610319600906859640,1610319600720661185,0,1,111298,T,A,0,2633000000,1,132,18955,64306,NGK1
1610319600909061720,1610319600722664901,0,1,111299,T,B,0,2679000000,1,4,17884,64344,NGM1
1610319600909474055,1610319600724313735,0,1,111299,T,B,0,2683000000,1,4,17897,64352,NGM1
1610319600911141476,1610319600731574215,0,1,111299,T,N,0,2690000000,1,4,18695,64403,NGM1
1610319600911141476,1610319600731574215,0,1,111298,T,A,0,2633000000,1,132,18695,64403,NGK1
1610319600911141476,1610319600731574215,0,1,121372,T,N,0,-57000000,1,4,18695,64403,NGK1-NGM1
1610319600911464043,1610319600732575223,0,1,121372,T,N,0,-57000000,1,4,19858,64413,NGK1-NGM1
1610319600911464043,1610319600732575223,0,1,111298,T,A,0,2633000000,1,132,19858,64413,NGK1
1610319600911464043,1610319600732575223,0,1,111299,T,N,0,2690000000,1,4,19858,64413,NGM1
1610319600911734611,1610319600734962567,0,1,111299,T,A,0,2690000000,1,4,18245,64423,NGM1
1610319600912166370,1610319600737260043,0,1,24512,T,A,0,-11000000,1,4,18075,64436,NGH1-NGJ1
1610319600913034461,1610319600741078585,0,1,111294,T,N,0,2586000000,1,4,20140,64478,NGH1
1610319600913034461,1610319600741078585,0,1,111294,T,N,0,2589000000,1,4,20140,64478,NGH1
1610319600913034461,1610319600741078585,0,1,111293,T,B,0,2616000000,1,4,20140,64478,NGG1
1610319600913034461,1610319600741078585,0,1,111293,T,B,0,2617000000,2,4,20140,64478,NGG1
1610319600913034461,1610319600741078585,0,1,111293,T,B,0,2619000000,1,4,20140,64478,NGG1
1610319600913034461,1610319600741078585,0,1,111293,T,B,0,2621000000,3,4,20140,64478,NGG1
1610319600913034461,1610319600741078585,0,1,215880,T,N,0,30000000,2,4,20140,64478,NGG1-NGH1
1610319600914192362,1610319600743106805,0,1,204979,T,B,0,-24000000,4,4,17815,64498,NGJ1-NGK1
1610319600914444814,1610319600743928761,0,1,111299,T,N,0,2690000000,1,4,17673,64507,NGM1
1610319600914444814,1610319600743928761,0,1,111298,T,A,0,2633000000,1,132,17673,64507,NGK1
1610319600914444814,1610319600743928761,0,1,121372,T,N,0,-57000000,1,4,17673,64507,NGK1-NGM1
1610319600914793845,1610319600744023099,0,1,111299,T,N,0,2690000000,3,4,18169,64519,NGM1
1610319600914793845,1610319600744023099,0,1,111294,T,N,0,2592000000,3,4,18169,64519,NGH1
1610319600914793845,1610319600744023099,0,1,121353,T,B,0,-98000000,3,132,18169,64519,NGH1-NGM1
1610319600915200324,1610319600744058945,0,1,121353,T,B,0,-96000000,1,132,18517,64526,NGH1-NGM1
1610319600915200324,1610319600744058945,0,1,111294,T,N,0,2594000000,1,4,18517,64526,NGH1
1610319600915200324,1610319600744058945,0,1,111299,T,N,0,2690000000,1,4,18517,64526,NGM1
1610319600915626956,1610319600745728419,0,1,111299,T,A,0,2690000000,1,4,18163,64538,NGM1
1610319600918240507,1610319600747811385,0,1,24512,T,A,0,-11000000,1,4,17857,64599,NGH1-NGJ1
1610319600920694059,1610319600752112895,0,1,111299,T,A,0,2690000000,1,4,18798,64677,NGM1
1610319600922193332,1610319600767384961,0,1,24512,T,A,0,-11000000,6,4,17814,64713,NGH1-NGJ1
1610319600922477431,1610319600772044897,0,1,111299,T,N,0,2690000000,1,4,18072,64726,NGM1
1610319600922477431,1610319600772044897,0,1,111294,T,A,0,2592000000,1,132,18072,64726,NGH1
1610319600922477431,1610319600772044897,0,1,121353,T,N,0,-98000000,1,4,18072,64726,NGH1-NGM1
1610319600922645251,1610319600772064329,0,1,111298,T,N,0,2627000000,1,4,17419,64728,NGK1
1610319600922645251,1610319600772064329,0,1,204979,T,N,0,-24000000,1,4,17419,64728,NGJ1-NGK1
1610319600922645251,1610319600772064329,0,1,111296,T,A,0,2603000000,1,132,17419,64728,NGJ1
1610319600922891734,1610319600772066377,0,1,111299,T,A,0,2690000000,1,4,20630,64732,NGM1
1610319600923122986,1610319600773236171,0,1,204979,T,A,0,-24000000,1,4,18022,64739,NGJ1-NGK1
1610319600923157374,1610319600773237557,0,1,24512,T,A,0,-11000000,1,4,17591,64741,NGH1-NGJ1
1610319600923201682,1610319600773240379,0,1,121372,T,A,0,-57000000,1,4,18130,64743,NGK1-NGM1
1610319600923486309,1610319600774952837,0,1,121372,T,N,0,-57000000,1,4,18407,64753,NGK1-NGM1
1610319600923486309,1610319600774952837,0,1,111299,T,N,0,2690000000,1,4,18407,64753,NGM1
1610319600923486309,1610319600774952837,0,1,111298,T,A,0,2633000000,1,132,18407,64753,NGK1
1610319600924528708,1610319600778586045,0,1,111299,T,B,0,2686000000,1,4,19483,64780,NGM1
1610319600929024887,1610319600802554175,0,1,111294,T,N,0,2588000000,1,4,17480,64907,NGH1
1610319600929024887,1610319600802554175,0,1,215880,T,N,0,29000000,1,4,17480,64907,NGG1-NGH1
1610319600929024887,1610319600802554175,0,1,111293,T,A,0,2617000000,1,4,17480,64907,NGG1
1610319600945929636,1610319600876093171,0,1,111299,T,N,0,2690000000,1,4,18762,65367,NGM1
1610319600945929636,1610319600876093171,0,1,111298,T,A,0,2633000000,1,132,18762,65367,NGK1
1610319600945929636,1610319600876093171,0,1,121372,T,N,0,-57000000,1,4,18762,65367,NGK1-NGM1
1610319600952155817,1610319600889167175,0,1,24512,T,B,0,-10000000,1,4,18094,65483,NGH1-NGJ1
1610319600952864392,1610319600890739397,0,1,111299,T,N,0,2691000000,1,4,19962,65504,NGM1
1610319600952864392,1610319600890739397,0,1,111299,T,N,0,2690000000,9,4,19962,65504,NGM1
1610319600952864392,1610319600890739397,0,1,111293,T,N,0,2617000000,1,4,19962,65504,NGG1
1610319600952864392,1610319600890739397,0,1,111293,T,N,0,2620000000,1,4,19962,65504,NGG1
1610319600952864392,1610319600890739397,0,1,111293,T,N,0,2621000000,8,4,19962,65504,NGG1
1610319600952864392,1610319600890739397,0,1,121175,T,B,0,-74000000,1,4,19962,65504,NGG1-NGM1
1610319600952864392,1610319600890739397,0,1,121175,T,B,0,-70000000,1,4,19962,65504,NGG1-NGM1
1610319600952864392,1610319600890739397,0,1,121175,T,B,0,-69000000,8,132,19962,65504,NGG1-NGM1
1610319600955556863,1610319600897757471,0,1,121372,T,B,0,-56000000,2,4,18114,65590,NGK1-NGM1
1610319600956974336,1610319600900097549,0,1,215880,T,A,0,28000000,10,4,18435,65623,NGG1-NGH1
1610319600957021616,1610319600900097549,0,1,24512,T,A,0,-11000000,10,4,18545,65625,NGH1-NGJ1
1610319600957071176,1610319600900097549,0,1,204979,T,A,0,-25000000,10,4,18008,65627,NGJ1-NGK1
1610319600957590603,1610319600900222093,0,1,111299,T,N,0,2690000000,2,4,17796,65638,NGM1
1610319600957590603,1610319600900222093,0,1,111301,T,A,0,2756000000,2,132,17796,65638,NGN1
1610319600957590603,1610319600900222093,0,1,62831,T,N,0,-66000000,2,4,17796,65638,NGM1-NGN1
1610319600962479422,1610319600904633917,0,1,111299,T,N,0,2690000000,1,4,17643,65726,NGM1
1610319600962479422,1610319600904633917,0,1,121372,T,N,0,-57000000,1,4,17643,65726,NGK1-NGM1
1610319600962479422,1610319600904633917,0,1,111298,T,A,0,2633000000,1,4,17643,65726,NGK1
1610319600967423533,1610319600912161029,0,1,111293,T,N,0,2616000000,1,4,17428,65831,NGG1
1610319600967423533,1610319600912161029,0,1,111296,T,N,0,2597000000,1,4,17428,65831,NGJ1
1610319600967423533,1610319600912161029,0,1,24463,T,B,0,19000000,1,132,17428,65831,NGG1-NGJ1
1610319600970424128,1610319600918529563,0,1,24512,T,A,0,-11000000,1,4,17543,65898,NGH1-NGJ1
1610319600971629858,1610319600922512769,0,1,111299,T,N,0,2690000000,1,4,18434,65942,NGM1
1610319600971629858,1610319600922512769,0,1,111294,T,A,0,2592000000,1,132,18434,65942,NGH1
1610319600971629858,1610319600922512769,0,1,121353,T,N,0,-98000000,1,4,18434,65942,NGH1-NGM1
1610319600972756143,1610319600923866869,0,1,204979,T,A,0,-24000000,1,4,18772,65968,NGJ1-NGK1
1610319600972800063,1610319600923869945,0,1,121372,T,A,0,-57000000,1,4,17004,65970,NGK1-NGM1
1610319600972847667,1610319600924067057,0,1,121372,T,N,0,-57000000,1,4,18742,65972,NGK1-NGM1
1610319600972847667,1610319600924067057,0,1,111299,T,N,0,2690000000,1,4,18742,65972,NGM1
1610319600972847667,1610319600924067057,0,1,111298,T,A,0,2633000000,1,132,18742,65972,NGK1
1610319600973008991,1610319600924069747,0,1,111299,T,A,0,2690000000,1,4,16913,65974,NGM1
1610319600974447396,1610319600928500287,0,1,111293,T,A,0,2617000000,1,4,18213,66012,NGG1
1610319600974627696,1610319600928899213,0,1,24512,T,A,0,-12000000,1,4,24660,66016,NGH1-NGJ1
1610319600975049359,1610319600929410689,0,1,111293,T,A,0,2617000000,1,4,17927,66028,NGG1
1610319600980032258,1610319600951472401,0,1,111293,T,N,0,2616000000,1,4,18663,66159,NGG1
1610319600980032258,1610319600951472401,0,1,111303,T,N,0,2773000000,1,4,18663,66159,NGQ1
1610319600980032258,1610319600951472401,0,1,10687,T,B,0,-157000000,1,132,18663,66159,NGG1-NGQ1
1610319600982703849,1610319600954214171,0,1,111299,T,N,0,2690000000,1,4,18221,66215,NGM1
1610319600982703849,1610319600954214171,0,1,121353,T,N,0,-99000000,1,4,18221,66215,NGH1-NGM1
1610319600982703849,1610319600954214171,0,1,111294,T,A,0,2591000000,1,132,18221,66215,NGH1
1610319600983024777,1610319600955112033,0,1,111294,T,N,0,2595000000,1,4,18764,66223,NGH1
1610319600983024777,1610319600955112033,0,1,121353,T,B,0,-95000000,1,132,18764,66223,NGH1-NGM1
1610319600983024777,1610319600955112033,0,1,111299,T,N,0,2690000000,1,4,18764,66223,NGM1
1610319600983355300,1610319600955126867,0,1,204979,T,A,0,-24000000,1,4,18972,66229,NGJ1-NGK1
1610319600983416624,1610319600955161005,0,1,204979,T,A,0,-24000000,1,4,17937,66232,NGJ1-NGK1
1610319600983555808,1610319600955905825,0,1,121353,T,B,0,-94000000,1,4,17994,66240,NGH1-NGM1
1610319600983619708,1610319600955920271,0,1,204979,T,A,0,-24000000,1,4,18243,66243,NGJ1-NGK1
1610319600983660608,1610319600955925315,0,1,121372,T,A,0,-57000000,1,4,18200,66245,NGK1-NGM1
1610319600983916743,1610319600956653915,0,1,121353,T,B,0,-94000000,1,4,19738,66251,NGH1-NGM1
1610319600984239114,1610319600957027435,0,1,215880,T,A,0,28000000,1,4,18910,66261,NGG1-NGH1
1610319600984271814,1610319600957027435,0,1,24512,T,A,0,-12000000,1,4,17648,66263,NGH1-NGJ1
1610319600984311726,1610319600957027435,0,1,204979,T,A,0,-24000000,1,4,17667,66265,NGJ1-NGK1
1610319600984388546,1610319600957027435,0,1,62831,T,A,0,-67000000,1,4,17775,66268,NGM1-NGN1
1610319600984441530,1610319600957027435,0,1,15052,T,A,0,-19000000,1,4,17537,66270,NGN1-NGQ1
1610319600985818092,1610319600958774641,0,1,24512,T,A,0,-12000000,1,4,18215,66323,NGH1-NGJ1
1610319600986226571,1610319600961382859,0,1,24512,T,A,0,-12000000,1,4,22447,66335,NGH1-NGJ1
1610319600986262667,1610319600961468547,0,1,204979,T,A,0,-24000000,1,4,18189,66337,NGJ1-NGK1
1610319600986307043,1610319600961469143,0,1,121372,T,A,0,-57000000,1,4,18050,66339,NGK1-NGM1
1610319600988752050,1610319600967438071,0,1,204979,T,N,0,-24000000,1,4,18431,66392,NGJ1-NGK1
1610319600988752050,1610319600967438071,0,1,111298,T,N,0,2630000000,1,4,18431,66392,NGK1
1610319600988752050,1610319600967438071,0,1,111296,T,A,0,2606000000,1,132,18431,66392,NGJ1
1610319600989375797,1610319600968717075,0,1,111293,T,B,0,2619000000,1,4,16928,66411,NGG1
1610319600990474491,1610319600971611231,0,1,121353,T,B,0,-95000000,1,132,18777,66456,NGH1-NGM1
1610319600990474491,1610319600971611231,0,1,111299,T,N,0,2690000000,1,4,18777,66456,NGM1
1610319600990474491,1610319600971611231,0,1,111294,T,N,0,2595000000,1,4,18777,66456,NGH1
1610319600990889522,1610319600971635715,0,1,121372,T,A,0,-57000000,1,4,18252,66465,NGK1-NGM1
1610319600990983278,1610319600971824549,0,1,121353,T,B,0,-94000000,1,4,17872,66470,NGH1-NGM1
1610319600991017686,1610319600971829339,0,1,24512,T,A,0,-12000000,1,4,16959,66472,NGH1-NGJ1
1610319600991100150,1610319600971838341,0,1,121372,T,A,0,-57000000,1,4,17915,66475,NGK1-NGM1
1610319600991478013,1610319600972786487,0,1,24512,T,A,0,-12000000,1,4,17992,66487,NGH1-NGJ1
1610319600992266352,1610319600973625965,0,1,121353,T,N,0,-94000000,1,4,18459,66513,NGH1-NGM1
1610319600992266352,1610319600973625965,0,1,111294,T,N,0,2596000000,1,4,18459,66513,NGH1
1610319600992266352,1610319600973625965,0,1,111299,T,B,0,2690000000,1,132,18459,66513,NGM1
1610319600992527531,1610319600973806009,0,1,24512,T,A,0,-12000000,1,4,17961,66522,NGH1-NGJ1
1610319600992684915,1610319600974636889,0,1,24512,T,A,0,-12000000,3,4,17864,66529,NGH1-NGJ1
1610319600993887361,1610319600978274755,0,1,209631,T,A,0,-58000000,1,132,18294,66570,NGV1-NGX1
1610319600993887361,1610319600978274755,0,1,41958,T,N,0,-25000000,1,4,18294,66570,NGU1-NGV1
1610319600993887361,1610319600978274755,0,1,25200,T,N,0,33000000,1,4,18294,66570,NG:BF U21-V21-X21
1610319600994980175,1610319600982759453,0,1,111299,T,N,0,2690000000,1,4,19720,66606,NGM1
1610319600994980175,1610319600982759453,0,1,111294,T,A,0,2596000000,1,132,19720,66606,NGH1
1610319600994980175,1610319600982759453,0,1,121353,T,N,0,-94000000,1,4,19720,66606,NGH1-NGM1
1610319600995629890,1610319600984630675,0,1,25200,T,N,0,33000000,1,4,18694,66629,NG:BF U21-V21-X21
1610319600995629890,1610319600984630675,0,1,41958,T,N,0,-25000000,1,4,18694,66629,NGU1-NGV1
1610319600995629890,1610319600984630675,0,1,209631,T,A,0,-58000000,1,132,18694,66629,NGV1-NGX1
1610319600999166715,1610319600991059535,0,1,24512,T,A,0,-12000000,2,4,17704,66700,NGH1-NGJ1
1610319600999985402,1610319600993820279,0,1,111299,T,A,0,2690000000,1,4,16986,66734,NGM1
1610319601004964441,1610319601000118293,0,1,111299,T,A,0,2690000000,1,4,18255,66850,NGM1
1610319601005215312,1610319601000135831,0,1,111299,T,A,0,2690000000,1,4,17710,66854,NGM1
1610319601008894869,1610319601002979935,0,1,15052,T,N,0,-19000000,2,4,18158,66917,NGN1-NGQ1
1610319601008894869,1610319601002979935,0,1,62831,T,A,0,-67000000,2,132,18158,66917,NGM1-NGN1
1610319601008894869,1610319601002979935,0,1,91692,T,N,0,-48000000,2,4,18158,66917,NG:BF M1-N1-Q1
1610319601010231907,1610319601004933037,0,1,111293,T,B,0,2621000000,3,4,17961,66945,NGG1
1610319601012767366,1610319601010223545,0,1,111293,T,N,0,2621000000,1,4,20344,66990,NGG1
1610319601012767366,1610319601010223545,0,1,111294,T,B,0,2593000000,1,132,20344,66990,NGH1
1610319601012767366,1610319601010223545,0,1,215880,T,N,0,28000000,1,4,20344,66990,NGG1-NGH1
1610319601032020543,1610319601030899123,0,1,111293,T,A,0,2617000000,1,4,18467,67051,NGG1
1610319601057184301,1610319601054873235,0,1,111293,T,A,0,2617000000,3,4,21459,67076,NGG1
1610319601057184301,1610319601054873235,0,1,111293,T,A,0,2616000000,1,4,21459,67076,NGG1
1610319601057184301,1610319601054873235,0,1,111293,T,A,0,2615000000,1,4,21459,67076,NGG1
1610319601057184301,1610319601054873235,0,1,215880,T,N,0,28000000,2,4,21459,67076,NGG1-NGH1
1610319601057184301,1610319601054873235,0,1,111294,T,N,0,2589000000,2,4,21459,67076,NGH1
1610319601069977778,1610319601067818999,0,1,111294,T,N,0,2588000000,1,4,19165,67120,NGH1
1610319601069977778,1610319601067818999,0,1,215880,T,N,0,28000000,1,4,19165,67120,NGG1-NGH1
1610319601069977778,1610319601067818999,0,1,111293,T,A,0,2616000000,1,132,19165,67120,NGG1
1610319601070199178,1610319601067864313,0,1,111293,T,A,0,2615000000,1,4,20212,67123,NGG1
1610319601070637105,1610319601067894839,0,1,111293,T,N,0,2620000000,1,4,21055,67125,NGG1
1610319601070637105,1610319601067894839,0,1,215880,T,N,0,28000000,1,4,21055,67125,NGG1-NGH1
1610319601070637105,1610319601067894839,0,1,111294,T,B,0,2592000000,1,132,21055,67125,NGH1
1610319601071377335,1610319601068416103,0,1,111294,T,A,0,2588000000,2,4,27940,67129,NGH1
1610319601071377335,1610319601068416103,0,1,111301,T,N,0,2755000000,1,4,27940,67129,NGN1
1610319601071377335,1610319601068416103,0,1,62618,T,N,0,-167000000,1,4,27940,67129,NGH1-NGN1
1610319601086366724,1610319601083896615,0,1,215880,T,B,0,28000000,5,4,20467,67185,NGG1-NGH1
1610319601088106305,1610319601086375117,0,1,215880,T,B,0,28000000,1,4,18770,67194,NGG1-NGH1
1610319601100628090,1610319601097759835,0,1,121372,T,B,0,-57000000,3,4,19564,67219,NGK1-NGM1
1610319601139720343,1610319601138300233,0,1,111296,T,A,0,2607000000,1,132,19314,67273,NGJ1
1610319601139720343,1610319601138300233,0,1,111298,T,N,0,2632000000,1,4,19314,67273,NGK1
1610319601139720343,1610319601138300233,0,1,204979,T,N,0,-25000000,1,4,19314,67273,NGJ1-NGK1
1610319601145229897,1610319601140352995,0,1,111298,T,A,0,2632000000,3,132,18754,67290,NGK1
1610319601145229897,1610319601140352995,0,1,121372,T,N,0,-58000000,3,4,18754,67290,NGK1-NGM1
1610319601145229897,1610319601140352995,0,1,111299,T,N,0,2690000000,3,4,18754,67290,NGM1
1610319601146336283,1610319601145365969,0,1,111299,T,A,0,2690000000,6,4,18956,67296,NGM1
1610319601147568272,1610319601146363429,0,1,91692,T,N,0,-48000000,5,4,19783,67303,NG:BF M1-N1-Q1
1610319601147568272,1610319601146363429,0,1,62831,T,A,0,-67000000,5,4,19783,67303,NGM1-NGN1
1610319601147568272,1610319601146363429,0,1,15052,T,N,0,-19000000,5,4,19783,67303,NGN1-NGQ1
1610319601149936980,1610319601147511973,0,1,111299,T,B,0,2690000000,1,4,18354,67347,NGM1
1610319601149936980,1610319601147511973,0,1,121372,T,N,0,-58000000,1,4,18354,67347,NGK1-NGM1
1610319601149936980,1610319601147511973,0,1,111298,T,N,0,2632000000,1,4,18354,67347,NGK1
1610319601151279734,1610319601149433211,0,1,111299,T,N,0,2690000000,1,4,18504,67372,NGM1
1610319601151279734,1610319601149433211,0,1,62831,T,N,0,-67000000,1,4,18504,67372,NGM1-NGN1
1610319601151279734,1610319601149433211,0,1,111301,T,A,0,2757000000,1,132,18504,67372,NGN1
1610319601153038170,1610319601150265687,0,1,111298,T,B,0,2631000000,1,132,19103,67394,NGK1
1610319601153038170,1610319601150265687,0,1,204979,T,N,0,-25000000,1,4,19103,67394,NGJ1-NGK1
1610319601153038170,1610319601150265687,0,1,111296,T,N,0,2606000000,1,4,19103,67394,NGJ1
1610319601153410506,1610319601150394313,0,1,111301,T,A,0,2757000000,2,132,19224,67402,NGN1
1610319601153410506,1610319601150394313,0,1,62831,T,N,0,-67000000,2,4,19224,67402,NGM1-NGN1
1610319601153410506,1610319601150394313,0,1,111299,T,N,0,2690000000,2,4,19224,67402,NGM1
1610319601167523452,1610319601164514035,0,1,111296,T,N,0,2601000000,1,4,20807,67453,NGJ1
1610319601167523452,1610319601164514035,0,1,111293,T,A,0,2615000000,1,4,20807,67453,NGG1
1610319601167523452,1610319601164514035,0,1,111293,T,A,0,2614000000,1,4,20807,67453,NGG1
1610319601167523452,1610319601164514035,0,1,24463,T,N,0,14000000,1,4,20807,67453,NGG1-NGJ1
1610319601171435625,1610319601168120243,0,1,111296,T,A,0,2606000000,1,132,20975,67480,NGJ1
1610319601171435625,1610319601168120243,0,1,204979,T,N,0,-25000000,1,4,20975,67480,NGJ1-NGK1
1610319601171435625,1610319601168120243,0,1,111298,T,N,0,2631000000,1,4,20975,67480,NGK1
1610319601178534732,1610319601177469261,0,1,111293,T,A,0,2616000000,5,4,19161,67554,NGG1
1610319601190296667,1610319601189208657,0,1,62831,T,A,0,-68000000,9,4,19238,67591,NGM1-NGN1
1610319601191325913,1610319601190480769,0,1,62811,T,A,0,-125000000,1,4,27295,67632,NGK1-NGN1
1610319601206847333,1610319601203540459,0,1,111293,T,N,0,2616000000,6,4,22294,67655,NGG1
1610319601206847333,1610319601203540459,0,1,111298,T,N,0,2628000000,1,4,22294,67655,NGK1
1610319601206847333,1610319601203540459,0,1,111296,T,N,0,2602000000,1,4,22294,67655,NGJ1
1610319601206847333,1610319601203540459,0,1,215880,T,N,0,29000000,6,4,22294,67655,NGG1-NGH1
1610319601206847333,1610319601203540459,0,1,111294,T,A,0,2588000000,3,4,22294,67655,NGH1
1610319601206847333,1610319601203540459,0,1,111294,T,A,0,2587000000,7,4,22294,67655,NGH1
1610319601206847333,1610319601203540459,0,1,24512,T,N,0,-14000000,1,4,22294,67655,NGH1-NGJ1
1610319601206847333,1610319601203540459,0,1,204963,T,N,0,-40000000,1,4,22294,67655,NGH1-NGK1
1610319601210273894,1610319601206897601,0,1,111293,T,A,0,2616000000,7,4,18393,67745,NGG1
1610319601210394394,1610319601206917189,0,1,111298,T,A,0,2632000000,1,132,18509,67747,NGK1
1610319601210394394,1610319601206917189,0,1,111299,T,N,0,2690000000,1,4,18509,67747,NGM1
1610319601210394394,1610319601206917189,0,1,121372,T,N,0,-58000000,1,4,18509,67747,NGK1-NGM1
1610319601211122253,1610319601210318283,0,1,111299,T,N,0,2690000000,1,4,18387,67768,NGM1
1610319601211122253,1610319601210318283,0,1,111296,T,N,0,2605000000,1,4,18387,67768,NGJ1
1610319601211122253,1610319601210318283,0,1,121360,T,B,0,-85000000,1,132,18387,67768,NGJ1-NGM1
1610319601211560640,1610319601210370817,0,1,121360,T,B,0,-84000000,1,4,18679,67774,NGJ1-NGM1
1610319601212526598,1610319601210382103,0,1,204979,T,A,0,-25000000,1,4,19366,67776,NGJ1-NGK1
1610319601212916938,1610319601210506201,0,1,111293,T,A,0,2616000000,2,4,19847,67780,NGG1
1610319601212916938,1610319601210506201,0,1,111293,T,A,0,2614000000,1,4,19847,67780,NGG1
1610319601212916938,1610319601210506201,0,1,111294,T,N,0,2586000000,1,4,19847,67780,NGH1
1610319601212916938,1610319601210506201,0,1,215880,T,N,0,28000000,1,4,19847,67780,NGG1-NGH1
1610319601215667317,1610319601211162761,0,1,121372,T,A,0,-58000000,1,4,18888,67790,NGK1-NGM1
1610319601215745704,1610319601211174257,0,1,204979,T,A,0,-25000000,1,4,17452,67792,NGJ1-NGK1
1610319601272724061,1610319601271309995,0,1,215880,T,N,0,28000000,1,4,20785,67963,NGG1-NGH1
1610319601272724061,1610319601271309995,0,1,111294,T,B,0,2592000000,1,132,20785,67963,NGH1
1610319601272724061,1610319601271309995,0,1,111293,T,N,0,2620000000,1,4,20785,67963,NGG1
1610319601309043215,1610319601305757425,0,1,111293,T,B,0,2620000000,2,4,44876,67983,NGG1
1610319601347329326,1610319601346490875,0,1,121372,T,N,0,-58000000,1,4,19520,68008,NGK1-NGM1
1610319601347329326,1610319601346490875,0,1,111299,T,N,0,2690000000,1,4,19520,68008,NGM1
1610319601347329326,1610319601346490875,0,1,111298,T,A,0,2632000000,1,132,19520,68008,NGK1
1610319601347992528,1610319601347379603,0,1,111299,T,A,0,2690000000,2,4,18051,68018,NGM1
1610319601455173694,1610319601454335361,0,1,204979,T,B,0,-25000000,8,4,17932,68085,NGJ1-NGK1
1610319601473983672,1610319601472457067,0,1,111293,T,A,0,2616000000,1,132,20575,68107,NGG1
1610319601473983672,1610319601472457067,0,1,111296,T,N,0,2602000000,1,4,20575,68107,NGJ1
1610319601473983672,1610319601472457067,0,1,24463,T,N,0,14000000,1,4,20575,68107,NGG1-NGJ1
1610319601486103578,1610319601484553241,0,1,215880,T,B,0,28000000,1,4,19690,68146,NGG1-NGH1
1610319601497448477,1610319601495867387,0,1,111293,T,A,0,2614000000,1,4,17565,68152,NGG1
1610319601543595777,1610319601542789451,0,1,111293,T,N,0,2620000000,1,4,29169,68186,NGG1
1610319601543595777,1610319601542789451,0,1,215880,T,N,0,27000000,1,4,29169,68186,NGG1-NGH1
1610319601543595777,1610319601542789451,0,1,111294,T,B,0,2593000000,1,4,29169,68186,NGH1
1610319601616432305,1610319601615334995,0,1,111294,T,B,0,2593000000,1,132,19868,68245,NGH1
1610319601616432305,1610319601615334995,0,1,215880,T,N,0,27000000,1,4,19868,68245,NGG1-NGH1
1610319601616432305,1610319601615334995,0,1,111293,T,N,0,2620000000,1,4,19868,68245,NGG1
1610319601655443590,1610319601649104461,0,1,215880,T,A,0,27000000,5,4,18692,68260,NGG1-NGH1
1610319601655544378,1610319601649714671,0,1,215880,T,N,0,27000000,1,4,18914,68262,NGG1-NGH1
1610319601655544378,1610319601649714671,0,1,111293,T,A,0,2615000000,1,132,18914,68262,NGG1
1610319601655544378,1610319601649714671,0,1,111294,T,N,0,2588000000,1,4,18914,68262,NGH1
1610319601675645554,1610319601675148465,0,1,111293,T,B,0,2620000000,1,4,18097,68279,NGG1
1610319601803882037,1610319601802299261,0,1,111293,T,N,0,2620000000,1,4,19896,68379,NGG1
1610319601803882037,1610319601802299261,0,1,111294,T,B,0,2593000000,1,132,19896,68379,NGH1
1610319601803882037,1610319601802299261,0,1,215880,T,N,0,27000000,1,4,19896,68379,NGG1-NGH1
1610319601905034053,1610319601902752355,0,1,215880,T,N,0,27000000,1,4,23303,68402,NGG1-NGH1
1610319601905034053,1610319601902752355,0,1,111294,T,N,0,2588000000,1,4,23303,68402,NGH1
1610319601905034053,1610319601902752355,0,1,111293,T,A,0,2615000000,1,4,23303,68402,NGG1
1610319601905088613,1610319601902752355,0,1,111293,T,A,0,2614000000,5,4,21336,68403,NGG1
1610319601905088613,1610319601902752355,0,1,111293,T,A,0,2613000000,4,4,21336,68403,NGG1
1610319601905088613,1610319601902752355,0,1,111294,T,N,0,2587000000,2,4,21336,68403,NGH1
1610319601905088613,1610319601902752355,0,1,111294,T,N,0,2586000000,2,4,21336,68403,NGH1
1610319601905088613,1610319601902752355,0,1,215880,T,N,0,27000000,4,4,21336,68403,NGG1-NGH1
1610319601905088613,1610319601902752355,0,1,24463,T,N,0,14000000,1,4,21336,68403,NGG1-NGJ1
1610319601905088613,1610319601902752355,0,1,111296,T,N,0,2600000000,1,4,21336,68403,NGJ1
1610319601905096041,1610319601902752355,0,1,215880,T,N,0,27000000,4,4,18386,68404,NGG1-NGH1
1610319601905096041,1610319601902752355,0,1,111294,T,N,0,2586000000,4,4,18386,68404,NGH1
1610319601905096041,1610319601902752355,0,1,111293,T,A,0,2613000000,4,4,18386,68404,NGG1
1610319601905096041,1610319601902752355,0,1,111293,T,A,0,2612000000,5,4,18386,68404,NGG1
1610319601929345313,1610319601927454129,0,1,111296,T,A,0,2603000000,1,132,23224,68520,NGJ1
1610319601929345313,1610319601927454129,0,1,204979,T,N,0,-25000000,1,4,23224,68520,NGJ1-NGK1
1610319601929345313,1610319601927454129,0,1,111298,T,N,0,2628000000,1,4,23224,68520,NGK1
1610319601930512695,1610319601928248719,0,1,111298,T,A,0,2632000000,1,132,20347,68555,NGK1
1610319601930512695,1610319601928248719,0,1,111299,T,N,0,2690000000,1,4,20347,68555,NGM1
1610319601930512695,1610319601928248719,0,1,121372,T,N,0,-58000000,1,4,20347,68555,NGK1-NGM1
1610319601931184690,1610319601929357335,0,1,121372,T,N,0,-58000000,1,4,18280,68570,NGK1-NGM1
1610319601931184690,1610319601929357335,0,1,111299,T,N,0,2688000000,1,4,18280,68570,NGM1
1610319601931184690,1610319601929357335,0,1,111298,T,A,0,2630000000,1,132,18280,68570,NGK1
1610319601936235628,1610319601931232751,0,1,111298,T,A,0,2632000000,1,132,18291,68613,NGK1
1610319601936235628,1610319601931232751,0,1,111299,T,N,0,2690000000,1,4,18291,68613,NGM1
1610319601936235628,1610319601931232751,0,1,121372,T,N,0,-58000000,1,4,18291,68613,NGK1-NGM1
1610319601936572188,1610319601931928069,0,1,111299,T,A,0,2690000000,8,4,19165,68624,NGM1
1610319601937442534,1610319601932581625,0,1,111296,T,N,0,2600000000,1,4,18923,68642,NGJ1
1610319601937442534,1610319601932581625,0,1,111293,T,A,0,2613000000,1,4,18923,68642,NGG1
1610319601937442534,1610319601932581625,0,1,111293,T,A,0,2612000000,3,4,18923,68642,NGG1
1610319601937442534,1610319601932581625,0,1,24463,T,N,0,13000000,1,4,18923,68642,NGG1-NGJ1
1610319601937671942,1610319601932584241,0,1,111293,T,A,0,2612000000,2,4,19081,68647,NGG1
1610319601937671942,1610319601932584241,0,1,111294,T,N,0,2586000000,1,4,19081,68647,NGH1
1610319601937671942,1610319601932584241,0,1,215880,T,N,0,26000000,1,4,19081,68647,NGG1-NGH1
1610319601939120011,1610319601937096909,0,1,111293,T,N,0,2614000000,1,4,18455,68682,NGG1
1610319601939120011,1610319601937096909,0,1,111299,T,N,0,2690000000,1,4,18455,68682,NGM1
1610319601939120011,1610319601937096909,0,1,121175,T,B,0,-76000000,1,132,18455,68682,NGG1-NGM1
1610319601940591392,1610319601938210643,0,1,111296,T,N,0,2601000000,1,4,18264,68723,NGJ1
1610319601940591392,1610319601938210643,0,1,111298,T,B,0,2627000000,1,132,18264,68723,NGK1
1610319601940591392,1610319601938210643,0,1,204979,T,N,0,-26000000,1,4,18264,68723,NGJ1-NGK1
1610319601941613802,1610319601939669945,0,1,111299,T,N,0,2690000000,1,4,18110,68751,NGM1
1610319601941613802,1610319601939669945,0,1,62831,T,N,0,-67000000,1,4,18110,68751,NGM1-NGN1
1610319601941613802,1610319601939669945,0,1,111301,T,A,0,2757000000,1,132,18110,68751,NGN1
1610319601943020640,1610319601940979659,0,1,111299,T,N,0,2690000000,1,4,18175,68786,NGM1
1610319601943020640,1610319601940979659,0,1,111296,T,A,0,2602000000,1,132,18175,68786,NGJ1
1610319601943020640,1610319601940979659,0,1,121360,T,N,0,-88000000,1,4,18175,68786,NGJ1-NGM1
1610319601943375251,1610319601940998503,0,1,111301,T,B,0,2754000000,1,132,17107,68792,NGN1
1610319601943375251,1610319601940998503,0,1,111311,T,N,0,2782000000,1,4,17107,68792,NGV1
1610319601943375251,1610319601940998503,0,1,41898,T,N,0,-28000000,1,4,17107,68792,NGN1-NGV1
1610319601943867358,1610319601941565447,0,1,204979,T,A,0,-25000000,1,4,18553,68805,NGJ1-NGK1
1610319601944299370,1610319601942483411,0,1,215880,T,A,0,27000000,1,4,18750,68817,NGG1-NGH1
1610319601944325241,1610319601942483411,0,1,24512,T,A,0,-14000000,1,4,20713,68819,NGH1-NGJ1
1610319601945122976,1610319601944341503,0,1,24512,T,A,0,-14000000,11,4,19397,68835,NGH1-NGJ1
1610319601955981276,1610319601954343281,0,1,111299,T,N,0,2690000000,1,4,20132,68922,NGM1
1610319601955981276,1610319601954343281,0,1,121175,T,B,0,-77000000,1,132,20132,68922,NGG1-NGM1
1610319601955981276,1610319601954343281,0,1,111293,T,N,0,2613000000,1,4,20132,68922,NGG1
1610319601958365744,1610319601957731449,0,1,215880,T,A,0,26000000,1,4,18595,68933,NGG1-NGH1
1610319601958699883,1610319601957731449,0,1,24512,T,A,0,-16000000,1,4,18946,68935,NGH1-NGJ1
1610319601959116283,1610319601958284267,0,1,215880,T,N,0,26000000,1,4,19341,68938,NGG1-NGH1
1610319601959116283,1610319601958284267,0,1,111293,T,N,0,2614000000,1,4,19341,68938,NGG1
1610319601959116283,1610319601958284267,0,1,111294,T,B,0,2588000000,1,132,19341,68938,NGH1
1610319601962364605,1610319601961807683,0,1,111293,T,A,0,2612000000,1,4,18793,68961,NGG1
1610319602133381358,1610319602130700343,0,1,62831,T,A,0,-68000000,3,4,19128,69072,NGM1-NGN1
1610319602133381358,1610319602130700343,0,1,15052,T,N,0,-20000000,1,4,19128,69072,NGN1-NGQ1
1610319602133381358,1610319602130700343,0,1,91692,T,N,0,-48000000,1,4,19128,69072,NG:BF M1-N1-Q1
1610319602135142295,1610319602134280541,0,1,91692,T,N,0,-48000000,1,4,19867,69091,NG:BF M1-N1-Q1
1610319602135142295,1610319602134280541,0,1,62831,T,N,0,-67000000,1,4,19867,69091,NGM1-NGN1
1610319602135142295,1610319602134280541,0,1,111301,T,N,0,2755000000,1,4,19867,69091,NGN1
1610319602135142295,1610319602134280541,0,1,111303,T,A,0,2774000000,1,132,19867,69091,NGQ1
1610319602140623597,1610319602139700071,0,1,204979,T,B,0,-25000000,2,4,18768,69112,NGJ1-NGK1
1610319602142778205,1610319602142169043,0,1,111293,T,N,0,2614000000,1,4,19102,69128,NGG1
1610319602142778205,1610319602142169043,0,1,111294,T,B,0,2588000000,1,132,19102,69128,NGH1
1610319602142778205,1610319602142169043,0,1,215880,T,N,0,26000000,1,4,19102,69128,NGG1-NGH1
1610319602195675526,1610319602194634385,0,1,111293,T,B,0,2614000000,4,4,20477,69147,NGG1
1610319602195675526,1610319602194634385,0,1,111293,T,B,0,2615000000,3,4,20477,69147,NGG1
1610319602195675526,1610319602194634385,0,1,111293,T,B,0,2616000000,1,4,20477,69147,NGG1
1610319602195675526,1610319602194634385,0,1,111293,T,B,0,2617000000,2,4,20477,69147,NGG1
1610319602204492942,1610319602197289221,0,1,111294,T,B,0,2590000000,1,132,18844,69168,NGH1
1610319602204492942,1610319602197289221,0,1,24512,T,N,0,-15000000,1,4,18844,69168,NGH1-NGJ1
1610319602204492942,1610319602197289221,0,1,111296,T,N,0,2605000000,1,4,18844,69168,NGJ1
1610319602204780785,1610319602202289201,0,1,111296,T,N,0,2606000000,1,4,17900,69178,NGJ1
1610319602204780785,1610319602202289201,0,1,204979,T,N,0,-26000000,1,4,17900,69178,NGJ1-NGK1
1610319602204780785,1610319602202289201,0,1,111298,T,B,0,2632000000,1,132,17900,69178,NGK1
1610319602213723413,1610319602213269397,0,1,111294,T,A,0,2588000000,1,4,19193,69240,NGH1
1610319602230225940,1610319602229609973,0,1,111298,T,B,0,2632000000,1,132,19352,69262,NGK1
1610319602230225940,1610319602229609973,0,1,204979,T,N,0,-26000000,1,4,19352,69262,NGJ1-NGK1
1610319602230225940,1610319602229609973,0,1,111296,T,N,0,2606000000,1,4,19352,69262,NGJ1
1610319602330906130,1610319602330174417,0,1,111296,T,A,0,2607000000,1,132,18782,69297,NGJ1
1610319602330906130,1610319602330174417,0,1,204979,T,N,0,-25000000,1,4,18782,69297,NGJ1-NGK1
1610319602330906130,1610319602330174417,0,1,111298,T,N,0,2632000000,1,4,18782,69297,NGK1
1610319602682685796,1610319602682271301,0,1,111293,T,A,0,2615000000,1,4,28116,69408,NGG1
1610319602854500558,1610319602853976563,0,1,111293,T,B,0,2617000000,1,4,18981,69472,NGG1
1610319602919362649,1610319602918572947,0,1,24512,T,B,0,-15000000,4,4,21261,69483,NGH1-NGJ1
1610319603181390395,1610319603180897213,0,1,111294,T,B,0,2591000000,1,4,17993,69555,NGH1
1610319603419120149,1610319603418459475,0,1,111294,T,B,0,2591000000,1,132,19625,69580,NGH1
1610319603419120149,1610319603418459475,0,1,111293,T,N,0,2617000000,1,4,19625,69580,NGG1
1610319603419120149,1610319603418459475,0,1,215880,T,N,0,26000000,1,4,19625,69580,NGG1-NGH1
1610319603437919971,1610319603434749685,0,1,215880,T,N,0,26000000,2,4,20744,69606,NGG1-NGH1
1610319603437919971,1610319603434749685,0,1,111293,T,A,0,2615000000,2,4,20744,69606,NGG1
1610319603437919971,1610319603434749685,0,1,111293,T,A,0,2614000000,1,4,20744,69606,NGG1
1610319603437919971,1610319603434749685,0,1,111293,T,A,0,2612000000,2,4,20744,69606,NGG1
1610319603437919971,1610319603434749685,0,1,111294,T,N,0,2589000000,1,4,20744,69606,NGH1
1610319603437919971,1610319603434749685,0,1,111294,T,N,0,2588000000,1,4,20744,69606,NGH1
1610319603439295804,1610319603438010871,0,1,111294,T,N,0,2586000000,1,4,19519,69633,NGH1
1610319603439295804,1610319603438010871,0,1,111293,T,A,0,2612000000,2,4,19519,69633,NGG1
1610319603439295804,1610319603438010871,0,1,215880,T,N,0,26000000,1,4,19519,69633,NGG1-NGH1
1610319603440792717,1610319603439305879,0,1,24512,T,A,0,-14000000,5,4,18405,69655,NGH1-NGJ1
1610319603517265144,1610319603516674585,0,1,24512,T,B,0,-14000000,1,4,19328,69699,NGH1-NGJ1
1610319603528486395,1610319603527897925,0,1,215880,T,N,0,26000000,1,4,19182,69708,NGG1-NGH1
1610319603528486395,1610319603527897925,0,1,111293,T,A,0,2612000000,1,132,19182,69708,NGG1
1610319603528486395,1610319603527897925,0,1,111294,T,N,0,2586000000,1,4,19182,69708,NGH1
1610319603616159726,1610319603615664393,0,1,111293,T,A,0,2611000000,1,4,18982,69736,NGG1
1610319603668175718,1610319603667640849,0,1,111293,T,N,0,2615000000,1,4,19105,69747,NGG1
1610319603668175718,1610319603667640849,0,1,111294,T,B,0,2589000000,1,132,19105,69747,NGH1
1610319603668175718,1610319603667640849,0,1,215880,T,N,0,26000000,1,4,19105,69747,NGG1-NGH1
1610319603717554547,1610319603716980151,0,1,24512,T,B,0,-14000000,1,4,20758,69752,NGH1-NGJ1
1610319603747174161,1610319603746687487,0,1,111293,T,A,0,2611000000,1,4,18354,69760,NGG1
1610319603839157079,1610319603838581287,0,1,111293,T,N,0,2615000000,1,4,18490,69767,NGG1
1610319603839157079,1610319603838581287,0,1,215880,T,N,0,26000000,1,4,18490,69767,NGG1-NGH1
1610319603839157079,1610319603838581287,0,1,111294,T,B,0,2589000000,1,132,18490,69767,NGH1
1610319603843238848,1610319603842642165,0,1,24512,T,B,0,-14000000,1,4,19072,69769,NGH1-NGJ1
1610319603877214433,1610319603876757511,0,1,111293,T,A,0,2611000000,1,4,18199,69778,NGG1
1610319603952791686,1610319603952331029,0,1,111293,T,B,0,2615000000,2,4,19365,69794,NGG1
1610319604120301161,1610319604119821503,0,1,111293,T,A,0,2612000000,1,4,18373,69849,NGG1
1610319604123142748,1610319604121547169,0,1,111293,T,N,0,2614000000,3,4,19764,69874,NGG1
1610319604123142748,1610319604121547169,0,1,121175,T,B,0,-76000000,3,132,19764,69874,NGG1-NGM1
1610319604123142748,1610319604121547169,0,1,111299,T,N,0,2690000000,3,4,19764,69874,NGM1
1610319604125107392,1610319604123536109,0,1,215880,T,A,0,26000000,3,4,18897,69887,NGG1-NGH1
1610319604125655311,1610319604123536109,0,1,24512,T,A,0,-14000000,3,4,26272,69888,NGH1-NGJ1
1610319604125655311,1610319604123536109,0,1,204979,T,A,0,-25000000,3,4,26272,69888,NGJ1-NGK1
1610319604126376474,1610319604124910251,0,1,204979,T,A,0,-25000000,1,4,20945,69890,NGJ1-NGK1
1610319604127871231,1610319604126303955,0,1,111299,T,N,0,2690000000,2,4,19766,69894,NGM1
1610319604127871231,1610319604126303955,0,1,121175,T,B,0,-76000000,2,132,19766,69894,NGG1-NGM1
1610319604127871231,1610319604126303955,0,1,111293,T,N,0,2614000000,2,4,19766,69894,NGG1
1610319604129038817,1610319604127545975,0,1,215880,T,A,0,26000000,2,4,19142,69899,NGG1-NGH1
1610319604129333032,1610319604127545975,0,1,24512,T,A,0,-14000000,2,4,23953,69900,NGH1-NGJ1
1610319604129789592,1610319604127904863,0,1,204979,T,B,0,-25000000,2,4,28438,69902,NGJ1-NGK1
1610319604130884565,1610319604129393951,0,1,204979,T,A,0,-25000000,3,4,18536,69907,NGJ1-NGK1
1610319604250297600,1610319604249820873,0,1,111293,T,B,0,2617000000,1,4,19177,70083,NGG1
1610319604688025436,1610319604687234029,0,1,215880,T,B,0,27000000,2,4,18339,70199,NGG1-NGH1
1610319604689435550,1610319604688039705,0,1,215880,T,B,0,27000000,7,4,17747,70203,NGG1-NGH1
1610319604720107338,1610319604719397083,0,1,215880,T,B,0,27000000,1,4,18203,70225,NGG1-NGH1
1610319604809085988,1610319604808515229,0,1,111293,T,A,0,2612000000,1,4,18084,70254,NGG1
1610319604888886935,1610319604888042197,0,1,215880,T,B,0,27000000,3,4,19524,70287,NGG1-NGH1
1610319604905090494,1610319604904270433,0,1,111294,T,A,0,2587000000,1,132,18255,70302,NGH1
1610319604905090494,1610319604904270433,0,1,111298,T,N,0,2629000000,1,4,18255,70302,NGK1
1610319604905090494,1610319604904270433,0,1,204963,T,N,0,-42000000,1,4,18255,70302,NGH1-NGK1
1610319604905765240,1610319604905029609,0,1,204979,T,A,0,-26000000,1,4,18514,70323,NGJ1-NGK1
1610319604906351955,1610319604905036331,0,1,24512,T,A,0,-14000000,1,4,18559,70343,NGH1-NGJ1
1610319604992867682,1610319604990375639,0,1,111294,T,N,0,2584000000,1,4,23806,70423,NGH1
1610319604992867682,1610319604990375639,0,1,111294,T,N,0,2583000000,2,4,23806,70423,NGH1
1610319604992867682,1610319604990375639,0,1,111294,T,N,0,2581000000,1,4,23806,70423,NGH1
1610319604992867682,1610319604990375639,0,1,215880,T,N,0,27000000,4,4,23806,70423,NGG1-NGH1
1610319604992867682,1610319604990375639,0,1,111293,T,A,0,2612000000,7,4,23806,70423,NGG1
1610319604992867682,1610319604990375639,0,1,111293,T,A,0,2611000000,1,4,23806,70423,NGG1
1610319604992867682,1610319604990375639,0,1,111293,T,A,0,2610000000,12,4,23806,70423,NGG1
1610319604992867682,1610319604990375639,0,1,111293,T,A,0,2609000000,4,4,23806,70423,NGG1
1610319604992867682,1610319604990375639,0,1,111293,T,A,0,2608000000,3,4,23806,70423,NGG1
1610319604992867682,1610319604990375639,0,1,111293,T,A,0,2607000000,1,4,23806,70423,NGG1
1610319604992867682,1610319604990375639,0,1,111296,T,N,0,2600000000,1,4,23806,70423,NGJ1
1610319604992867682,1610319604990375639,0,1,24463,T,N,0,12000000,1,4,23806,70423,NGG1-NGJ1
1610319604992958934,1610319604990375639,0,1,111294,T,A,0,2586000000,1,4,18556,70424,NGH1
1610319604992958934,1610319604990375639,0,1,204963,T,N,0,-42000000,1,4,18556,70424,NGH1-NGK1
1610319604992958934,1610319604990375639,0,1,111298,T,N,0,2628000000,1,4,18556,70424,NGK1
1610319604994364007,1610319604992881439,0,1,24512,T,A,0,-14000000,5,4,17899,70454,NGH1-NGJ1
1610319604994534099,1610319604992887095,0,1,111299,T,A,0,2690000000,1,4,20937,70458,NGM1
1610319604994690695,1610319604992889977,0,1,111299,T,N,0,2690000000,1,4,22068,70462,NGM1
1610319604994690695,1610319604992889977,0,1,111301,T,A,0,2757000000,1,132,22068,70462,NGN1
1610319604994690695,1610319604992889977,0,1,62831,T,N,0,-67000000,1,4,22068,70462,NGM1-NGN1
1610319604995189058,1610319604992994889,0,1,204979,T,A,0,-26000000,1,4,19222,70475,NGJ1-NGK1
1610319604995608145,1610319604993172177,0,1,111293,T,B,0,2607000000,1,4,17562,70490,NGG1
1610319604995895336,1610319604993179455,0,1,204979,T,N,0,-26000000,1,4,19668,70492,NGJ1-NGK1
1610319604995895336,1610319604993179455,0,1,111298,T,N,0,2627000000,1,4,19668,70492,NGK1
1610319604995895336,1610319604993179455,0,1,111296,T,A,0,2601000000,1,132,19668,70492,NGJ1
1610319604996697919,1610319604993269213,0,1,111293,T,B,0,2607000000,1,4,19808,70509,NGG1
1610319604996900267,1610319604993840165,0,1,111293,T,B,0,2607000000,1,4,18465,70515,NGG1
1610319604998026549,1610319604994828693,0,1,111293,T,N,0,2607000000,1,4,22824,70540,NGG1
1610319604998026549,1610319604994828693,0,1,111296,T,B,0,2595000000,1,132,22824,70540,NGJ1
1610319604998026549,1610319604994828693,0,1,24463,T,N,0,12000000,1,4,22824,70540,NGG1-NGJ1
1610319604998535732,1610319604995098427,0,1,111293,T,B,0,2607000000,1,4,18525,70555,NGG1
1610319604998736299,1610319604995139383,0,1,24512,T,A,0,-15000000,1,4,18833,70556,NGH1-NGJ1
1610319604999062107,1610319604995149285,0,1,111293,T,N,0,2607000000,1,4,19940,70558,NGG1
1610319604999062107,1610319604995149285,0,1,111311,T,N,0,2779000000,1,4,19940,70558,NGV1
1610319604999062107,1610319604995149285,0,1,41523,T,B,0,-172000000,1,132,19940,70558,NGG1-NGV1
1610319604999421314,1610319604995149285,0,1,111293,T,N,0,2607000000,1,4,18975,70563,NGG1
1610319604999421314,1610319604995149285,0,1,111299,T,N,0,2687000000,1,4,18975,70563,NGM1
1610319604999421314,1610319604995149285,0,1,121175,T,B,0,-80000000,1,132,18975,70563,NGG1-NGM1
1610319604999844469,1610319604995613359,0,1,111293,T,B,0,2607000000,1,4,18568,70572,NGG1
1610319605000790732,1610319604995618873,0,1,111299,T,B,0,2688000000,1,4,21053,70573,NGM1
1610319605000790732,1610319604995618873,0,1,111299,T,B,0,2689000000,1,4,21053,70573,NGM1
1610319605000790732,1610319604995618873,0,1,111299,T,B,0,2690000000,1,4,21053,70573,NGM1
1610319605000790732,1610319604995618873,0,1,111298,T,N,0,2631000000,1,4,21053,70573,NGK1
1610319605000790732,1610319604995618873,0,1,111294,T,N,0,2582000000,1,4,21053,70573,NGH1
1610319605000790732,1610319604995618873,0,1,121372,T,N,0,-58000000,1,4,21053,70573,NGK1-NGM1
1610319605000790732,1610319604995618873,0,1,121353,T,N,0,-106000000,1,4,21053,70573,NGH1-NGM1
1610319605001206723,1610319604995647907,0,1,111293,T,N,0,2607000000,1,4,21981,70584,NGG1
1610319605001206723,1610319604995647907,0,1,111303,T,B,0,2767000000,1,132,21981,70584,NGQ1
1610319605001206723,1610319604995647907,0,1,10687,T,N,0,-160000000,1,4,21981,70584,NGG1-NGQ1
1610319605001536446,1610319604995906651,0,1,121372,T,N,0,-58000000,1,4,18551,70588,NGK1-NGM1
1610319605001536446,1610319604995906651,0,1,111298,T,A,0,2632000000,1,132,18551,70588,NGK1
1610319605001536446,1610319604995906651,0,1,111299,T,N,0,2690000000,1,4,18551,70588,NGM1
1610319605001833646,1610319604996289893,0,1,111299,T,A,0,2690000000,1,4,18105,70593,NGM1
1610319605002767460,1610319604997169175,0,1,111299,T,N,0,2690000000,1,4,18632,70613,NGM1
1610319605002767460,1610319604997169175,0,1,62831,T,N,0,-67000000,1,4,18632,70613,NGM1-NGN1
1610319605002767460,1610319604997169175,0,1,111301,T,A,0,2757000000,1,132,18632,70613,NGN1
1610319605003638734,1610319604998192303,0,1,111299,T,N,0,2690000000,1,4,19110,70635,NGM1
1610319605003638734,1610319604998192303,0,1,121353,T,B,0,-107000000,1,132,19110,70635,NGH1-NGM1
1610319605003638734,1610319604998192303,0,1,111294,T,N,0,2583000000,1,4,19110,70635,NGH1
1610319605003866886,1610319604998195715,0,1,111293,T,B,0,2607000000,7,4,18385,70639,NGG1
1610319605006483841,1610319605000627785,0,1,24512,T,A,0,-15000000,1,4,19178,70676,NGH1-NGJ1
1610319605007298448,1610319605001590445,0,1,215880,T,A,0,27000000,1,4,18504,70700,NGG1-NGH1
1610319605007325376,1610319605001590445,0,1,24512,T,A,0,-15000000,1,4,18045,70702,NGH1-NGJ1
1610319605007370352,1610319605001590445,0,1,215880,T,A,0,27000000,1,4,18026,70705,NGG1-NGH1
1610319605007398119,1610319605001590445,0,1,24512,T,A,0,-15000000,1,4,17960,70707,NGH1-NGJ1
1610319605007657211,1610319605002520733,0,1,111293,T,N,0,2607000000,1,4,19145,70716,NGG1
1610319605007657211,1610319605002520733,0,1,24463,T,N,0,10000000,1,4,19145,70716,NGG1-NGJ1
1610319605007657211,1610319605002520733,0,1,111296,T,B,0,2597000000,1,132,19145,70716,NGJ1
1610319605007793979,1610319605002925635,0,1,111293,T,N,0,2607000000,1,4,19263,70718,NGG1
1610319605007793979,1610319605002925635,0,1,215880,T,N,0,27000000,1,4,19263,70718,NGG1-NGH1
1610319605007793979,1610319605002925635,0,1,111294,T,B,0,2580000000,1,132,19263,70718,NGH1
1610319605008813629,1610319605004938937,0,1,24512,T,A,0,-15000000,1,4,19154,70746,NGH1-NGJ1
1610319605009003373,1610319605004938937,0,1,111293,T,N,0,2607000000,1,4,18519,70750,NGG1
1610319605009003373,1610319605004938937,0,1,111298,T,N,0,2626000000,1,4,18519,70750,NGK1
1610319605009003373,1610319605004938937,0,1,204962,T,B,0,-19000000,1,132,18519,70750,NGG1-NGK1
1610319605009396524,1610319605005074523,0,1,111293,T,B,0,2607000000,6,4,18593,70755,NGG1
1610319605009754747,1610319605005521453,0,1,111293,T,N,0,2607000000,1,4,19188,70759,NGG1
1610319605009754747,1610319605005521453,0,1,111294,T,B,0,2580000000,1,132,19188,70759,NGH1
1610319605009754747,1610319605005521453,0,1,215880,T,N,0,27000000,1,4,19188,70759,NGG1-NGH1
1610319605010726421,1610319605008170127,0,1,111296,T,A,0,2602000000,1,132,18607,70795,NGJ1
1610319605010726421,1610319605008170127,0,1,111299,T,N,0,2690000000,1,4,18607,70795,NGM1
1610319605010726421,1610319605008170127,0,1,121360,T,N,0,-88000000,1,4,18607,70795,NGJ1-NGM1
1610319605011142681,1610319605009014919,0,1,111299,T,N,0,2690000000,1,4,18564,70808,NGM1
1610319605011142681,1610319605009014919,0,1,111298,T,A,0,2632000000,1,132,18564,70808,NGK1
1610319605011142681,1610319605009014919,0,1,121372,T,N,0,-58000000,1,4,18564,70808,NGK1-NGM1
1610319605011924835,1610319605010038517,0,1,111293,T,A,0,2606000000,1,4,25587,70828,NGG1
1610319605012050331,1610319605010041013,0,1,111293,T,A,0,2606000000,1,132,18429,70832,NGG1
1610319605012050331,1610319605010041013,0,1,215880,T,N,0,27000000,1,4,18429,70832,NGG1-NGH1
1610319605012050331,1610319605010041013,0,1,111294,T,N,0,2579000000,1,4,18429,70832,NGH1
1610319605012435410,1610319605010693505,0,1,121372,T,A,0,-58000000,1,4,17921,70843,NGK1-NGM1
1610319605012757590,1610319605010699167,0,1,204979,T,A,0,-26000000,1,4,18350,70845,NGJ1-NGK1
1610319605013219813,1610319605011162631,0,1,204979,T,B,0,-25000000,2,4,18848,70850,NGJ1-NGK1
1610319605013600680,1610319605011935345,0,1,215880,T,A,0,27000000,1,4,20118,70863,NGG1-NGH1
1610319605013788724,1610319605011935345,0,1,24512,T,A,0,-15000000,1,4,18777,70865,NGH1-NGJ1
1610319605014394875,1610319605013391695,0,1,111294,T,N,0,2586000000,1,4,19281,70877,NGH1
1610319605014394875,1610319605013391695,0,1,111299,T,N,0,2690000000,1,4,19281,70877,NGM1
1610319605014394875,1610319605013391695,0,1,121353,T,B,0,-104000000,1,132,19281,70877,NGH1-NGM1
1610319605019653029,1610319605018223449,0,1,24512,T,A,0,-16000000,1,4,18206,70919,NGH1-NGJ1
1610319605020299608,1610319605019670531,0,1,111293,T,N,0,2607000000,1,4,18620,70921,NGG1
1610319605020299608,1610319605019670531,0,1,111298,T,N,0,2626000000,1,4,18620,70921,NGK1
1610319605020299608,1610319605019670531,0,1,204962,T,B,0,-19000000,1,132,18620,70921,NGG1-NGK1
1610319605021056775,1610319605020337083,0,1,111293,T,N,0,2607000000,1,4,19205,70934,NGG1
1610319605021056775,1610319605020337083,0,1,111296,T,B,0,2598000000,1,132,19205,70934,NGJ1
1610319605021056775,1610319605020337083,0,1,24463,T,N,0,9000000,1,4,19205,70934,NGG1-NGJ1
1610319605022800355,1610319605021743841,0,1,111293,T,N,0,2607000000,9,4,20051,70951,NGG1
1610319605022800355,1610319605021743841,0,1,111299,T,N,0,2690000000,8,4,20051,70951,NGM1
1610319605022800355,1610319605021743841,0,1,111299,T,N,0,2689000000,1,4,20051,70951,NGM1
1610319605022800355,1610319605021743841,0,1,121175,T,B,0,-83000000,8,4,20051,70951,NGG1-NGM1
1610319605022800355,1610319605021743841,0,1,121175,T,B,0,-82000000,1,132,20051,70951,NGG1-NGM1
1610319605023981801,1610319605023435689,0,1,215880,T,A,0,27000000,1,4,18293,70979,NGG1-NGH1
1610319605024270165,1610319605023435689,0,1,24512,T,A,0,-16000000,1,4,18797,70981,NGH1-NGJ1
1610319605024945196,1610319605023542911,0,1,111299,T,B,0,2687000000,2,4,19924,70986,NGM1
1610319605024945196,1610319605023542911,0,1,111298,T,N,0,2629000000,1,4,19924,70986,NGK1
1610319605024945196,1610319605023542911,0,1,121372,T,N,0,-58000000,1,4,19924,70986,NGK1-NGM1
1610319605026311961,1610319605025246709,0,1,215880,T,A,0,27000000,1,4,19361,71009,NGG1-NGH1
1610319605026311961,1610319605025246709,0,1,215880,T,A,0,26000000,8,4,19361,71009,NGG1-NGH1
1610319605029507699,1610319605025246709,0,1,24512,T,A,0,-16000000,4,4,19074,71011,NGH1-NGJ1
1610319605029507699,1610319605025246709,0,1,24512,T,A,0,-17000000,5,4,19074,71011,NGH1-NGJ1
1610319605029635859,1610319605026037865,0,1,111293,T,B,0,2607000000,1,4,26576,71014,NGG1
1610319605031071977,1610319605030070841,0,1,111293,T,N,0,2607000000,13,4,19625,71070,NGG1
1610319605031071977,1610319605030070841,0,1,111299,T,N,0,2690000000,13,4,19625,71070,NGM1
1610319605031071977,1610319605030070841,0,1,121175,T,B,0,-83000000,13,132,19625,71070,NGG1-NGM1
1610319605033153233,1610319605032247127,0,1,215880,T,A,0,26000000,13,4,19059,71103,NGG1-NGH1
1610319605033385536,1610319605032247127,0,1,204979,T,A,0,-26000000,13,4,18362,71105,NGJ1-NGK1
1610319605038083628,1610319605037548841,0,1,111293,T,A,0,2604000000,1,4,18464,71195,NGG1
1610319605044016677,1610319605043200717,0,1,204979,T,A,0,-26000000,1,4,18965,71208,NGJ1-NGK1
1610319605044317184,1610319605043200717,0,1,204979,T,A,0,-26000000,1,4,18730,71210,NGJ1-NGK1
1610319605044831560,1610319605043200717,0,1,111293,T,N,0,2607000000,9,4,20635,71213,NGG1
1610319605044831560,1610319605043200717,0,1,121175,T,B,0,-83000000,9,132,20635,71213,NGG1-NGM1
1610319605044831560,1610319605043200717,0,1,111299,T,N,0,2690000000,9,4,20635,71213,NGM1
1610319605045251551,1610319605043318309,0,1,204979,T,B,0,-26000000,10,4,18753,71219,NGJ1-NGK1
1610319605046397669,1610319605045484147,0,1,204979,T,B,0,-26000000,8,4,17902,71283,NGJ1-NGK1
1610319605046700412,1610319605045504705,0,1,204979,T,B,0,-26000000,5,4,19336,71287,NGJ1-NGK1
1610319605047505759,1610319605046479895,0,1,215880,T,A,0,26000000,9,4,19320,71296,NGG1-NGH1
1610319605048756528,1610319605046479895,0,1,215880,T,N,0,26000000,1,4,20856,71298,NGG1-NGH1
1610319605048756528,1610319605046479895,0,1,24512,T,A,0,-20000000,2,4,20856,71298,NGH1-NGJ1
1610319605048756528,1610319605046479895,0,1,24512,T,A,0,-21000000,7,4,20856,71298,NGH1-NGJ1
1610319605048756528,1610319605046479895,0,1,26953,T,N,0,47000000,1,4,20856,71298,NG:BF G1-H1-J1
1610319605049060392,1610319605047514587,0,1,215880,T,A,0,26000000,2,4,17939,71307,NGG1-NGH1
1610319605049252967,1610319605048483961,0,1,204963,T,A,0,-45000000,1,4,18535,71316,NGH1-NGK1
1610319605056831238,1610319605056101329,0,1,215880,T,B,0,27000000,8,4,18365,71384,NGG1-NGH1
1610319605057304953,1610319605056226611,0,1,24512,T,B,0,-20000000,8,4,18839,71386,NGH1-NGJ1
1610319605058896342,1610319605058276221,0,1,215880,T,N,0,26000000,1,4,19242,71404,NGG1-NGH1
1610319605058896342,1610319605058276221,0,1,111293,T,A,0,2604000000,1,132,19242,71404,NGG1
1610319605058896342,1610319605058276221,0,1,111294,T,N,0,2578000000,1,4,19242,71404,NGH1
1610319605059919880,1610319605059447407,0,1,111293,T,B,0,2606000000,2,4,18438,71413,NGG1
1610319605060317295,1610319605059869707,0,1,111293,T,B,0,2607000000,2,4,17599,71420,NGG1
1610319605061509241,1610319605060816489,0,1,41645,T,A,0,-179000000,1,4,18768,71428,NGJ1-NGV1
1610319605116236942,1610319605115188769,0,1,111293,T,B,0,2606000000,1,4,19161,71572,NGG1
1610319605116236942,1610319605115188769,0,1,111293,T,B,0,2607000000,6,4,19161,71572,NGG1
1610319605116605149,1610319605115441627,0,1,15052,T,B,0,-18000000,1,4,17907,71580,NGN1-NGQ1
1610319605117751255,1610319605115451015,0,1,24512,T,B,0,-20000000,1,4,19068,71582,NGH1-NGJ1
1610319605118669145,1610319605115457587,0,1,204979,T,B,0,-26000000,1,4,31139,71583,NGJ1-NGK1
1610319605118669145,1610319605115462177,0,1,121372,T,B,0,-57000000,1,4,31139,71583,NGK1-NGM1
1610319605118669145,1610319605115480095,0,1,10687,T,A,0,-160000000,1,4,31139,71583,NGG1-NGQ1
1610319605156494464,1610319605155927279,0,1,111294,T,A,0,2578000000,1,4,18567,71704,NGH1
1610319605212299152,1610319605211164593,0,1,204979,T,B,0,-26000000,1,4,18280,71732,NGJ1-NGK1
1610319605296523831,1610319605294568419,0,1,24512,T,N,0,-20000000,1,4,24936,71749,NGH1-NGJ1
1610319605296523831,1610319605294568419,0,1,215880,T,B,0,27000000,6,4,24936,71749,NGG1-NGH1
1610319605296523831,1610319605294568419,0,1,26953,T,N,0,47000000,1,4,24936,71749,NG:BF G1-H1-J1
1610319605309542188,1610319605308955103,0,1,111293,T,A,0,2603000000,1,4,18795,71775,NGG1
1610319605336492595,1610319605335254059,0,1,111293,T,B,0,2607000000,1,4,17677,71783,NGG1
1610319605360016088,1610319605358339891,0,1,111293,T,N,0,2607000000,3,4,22525,71836,NGG1
1610319605360016088,1610319605358339891,0,1,111293,T,N,0,2608000000,1,4,22525,71836,NGG1
1610319605360016088,1610319605358339891,0,1,111293,T,N,0,2610000000,2,4,22525,71836,NGG1
1610319605360016088,1610319605358339891,0,1,111293,T,N,0,2611000000,2,4,22525,71836,NGG1
1610319605360016088,1610319605358339891,0,1,61251,T,N,0,8750000,8,4,22525,71836,NGG1-HHG1
1610319605360560591,1610319605359804705,0,1,24512,T,B,0,-20000000,1,4,18207,71842,NGH1-NGJ1
1610319605411794283,1610319605411166563,0,1,204979,T,B,0,-26000000,1,4,18646,71940,NGJ1-NGK1
1610319605462739539,1610319605462222197,0,1,215880,T,B,0,27000000,1,4,18946,72022,NGG1-NGH1
1610319605502518194,1610319605500318133,0,1,24512,T,N,0,-20000000,1,4,21143,72087,NGH1-NGJ1
1610319605502518194,1610319605500318133,0,1,111293,T,B,0,2611000000,1,132,21143,72087,NGG1
1610319605502518194,1610319605500318133,0,1,26953,T,N,0,47000000,1,4,21143,72087,NG:BF G1-H1-J1
1610319605502518194,1610319605500318133,0,1,111294,T,N,0,2584000000,1,4,21143,72087,NGH1
1610319605559315440,1610319605558763907,0,1,111293,T,A,0,2611000000,1,132,19203,72158,NGG1
1610319605559315440,1610319605558763907,0,1,61251,T,N,0,8750000,1,4,19203,72158,NGG1-HHG1
1610319605675475362,1610319605674677573,0,1,24512,T,B,0,-20000000,8,4,19211,72264,NGH1-NGJ1
1610319605807071320,1610319605806614623,0,1,111293,T,B,0,2611000000,1,4,19207,72336,NGG1
1610319606049607597,1610319606048543721,0,1,204979,T,B,0,-26000000,1,4,18668,72397,NGJ1-NGK1
1610319606049983800,1610319606048601567,0,1,204979,T,B,0,-26000000,5,4,17811,72402,NGJ1-NGK1
1610319606057346855,1610319606056540861,0,1,204979,T,A,0,-26000000,1,4,19046,72414,NGJ1-NGK1
1610319606115660685,1610319606115242385,0,1,111293,T,B,0,2610000000,1,4,18001,72431,NGG1
1610319606194620194,1610319606194078125,0,1,121372,T,B,0,-57000000,1,4,18686,72451,NGK1-NGM1
1610319606194878954,1610319606194089085,0,1,10687,T,A,0,-160000000,1,4,23282,72453,NGG1-NGQ1
1610319606195521996,1610319606194352895,0,1,15052,T,B,0,-18000000,1,132,19342,72455,NGN1-NGQ1
1610319606195521996,1610319606194352895,0,1,62831,T,N,0,-67000000,1,4,19342,72455,NGM1-NGN1
1610319606195521996,1610319606194352895,0,1,91692,T,N,0,-49000000,1,4,19342,72455,NG:BF M1-N1-Q1
1610319606633528891,1610319606632502071,0,1,204979,T,A,0,-26000000,1,4,22570,72564,NGJ1-NGK1
1610319606634090054,1610319606632518679,0,1,204979,T,N,0,-26000000,1,4,20069,72566,NGJ1-NGK1
1610319606634090054,1610319606632518679,0,1,24512,T,A,0,-18000000,1,132,20069,72566,NGH1-NGJ1
1610319606634090054,1610319606632518679,0,1,8605,T,N,0,8000000,1,4,20069,72566,NG:BF H1-J1-K1
1610319606644768535,1610319606644146651,0,1,215880,T,B,0,27000000,1,4,19162,72577,NGG1-NGH1
1610319606792494150,1610319606791854881,0,1,111293,T,B,0,2610000000,1,4,18875,72593,NGG1
1610319606947257492,1610319606946337677,0,1,215880,T,B,0,27000000,6,4,19115,72646,NGG1-NGH1
1610319607044986458,1610319607043913365,0,1,215880,T,N,0,26000000,1,4,19101,72658,NGG1-NGH1
1610319607044986458,1610319607043913365,0,1,111293,T,A,0,2609000000,1,132,19101,72658,NGG1
1610319607044986458,1610319607043913365,0,1,111294,T,N,0,2583000000,1,4,19101,72658,NGH1
1610319607571178477,1610319607570535719,0,1,111294,T,N,0,2583000000,1,4,19233,72748,NGH1
1610319607571178477,1610319607570535719,0,1,111293,T,A,0,2609000000,1,132,19233,72748,NGG1
1610319607571178477,1610319607570535719,0,1,215880,T,N,0,26000000,1,4,19233,72748,NGG1-NGH1
1610319607768622031,1610319607767978311,0,1,215880,T,B,0,27000000,2,4,19391,72801,NGG1-NGH1
1610319607782652230,1610319607780956529,0,1,215880,T,N,0,28000000,1,4,20297,72812,NGG1-NGH1
1610319607782652230,1610319607780956529,0,1,111293,T,B,0,2611000000,2,4,20297,72812,NGG1
1610319607782652230,1610319607780956529,0,1,111293,T,B,0,2613000000,1,4,20297,72812,NGG1
1610319607782652230,1610319607780956529,0,1,111294,T,N,0,2585000000,1,4,20297,72812,NGH1
1610319607997130977,1610319607996701709,0,1,111293,T,B,0,2613000000,1,4,18672,72917,NGG1
1610319608218636017,1610319608217538655,0,1,111293,T,B,0,2613000000,2,4,20199,72934,NGG1
1610319608218636017,1610319608217538655,0,1,111293,T,B,0,2614000000,2,4,20199,72934,NGG1
1610319608218636017,1610319608217538655,0,1,24463,T,N,0,11000000,2,4,20199,72934,NGG1-NGJ1
1610319608218636017,1610319608217538655,0,1,111296,T,N,0,2602000000,1,4,20199,72934,NGJ1
1610319608218636017,1610319608217538655,0,1,111296,T,N,0,2603000000,1,4,20199,72934,NGJ1
1610319608219970694,1610319608219209633,0,1,24463,T,B,0,11000000,2,4,18494,72965,NGG1-NGJ1
1610319608492567082,1610319608492078461,0,1,111293,T,B,0,2610000000,2,4,17589,73026,NGG1
1610319611354293837,1610319611343007899,0,1,111293,T,B,0,2613000000,1,4,23535,73436,NGG1
1610319611354954672,1610319611354391307,0,1,111293,T,B,0,2613000000,2,4,17815,73439,NGG1
1610319611355134112,1610319611354399755,0,1,111293,T,B,0,2613000000,1,4,23945,73442,NGG1
1610319611524290006,1610319611522581503,0,1,111293,T,B,0,2614000000,1,4,17788,73494,NGG1
1610319612198468346,1610319612196942955,0,1,111293,T,A,0,2613000000,3,4,18840,73647,NGG1
1610319612203971764,1610319612196943871,0,1,111293,T,B,0,2614000000,1,4,19246,73650,NGG1
1610319612864453798,1610319612863922797,0,1,111293,T,A,0,2614000000,1,4,17585,73714,NGG1
1610319613051610982,1610319613050985277,0,1,24512,T,B,0,-14000000,1,4,19315,73763,NGH1-NGJ1
1610319613195483589,1610319613194880425,0,1,24512,T,A,0,-14000000,1,4,18242,73783,NGH1-NGJ1
1610319613388716608,1610319613387971147,0,1,111293,T,A,0,2613000000,2,4,19838,73813,NGG1
1610319613388716608,1610319613387971147,0,1,111294,T,N,0,2586000000,1,4,19838,73813,NGH1
1610319613388716608,1610319613387971147,0,1,215880,T,N,0,27000000,1,4,19838,73813,NGG1-NGH1
1610319613798402366,1610319613797827951,0,1,111293,T,A,0,2614000000,1,4,18660,73876,NGG1
1610319613801127393,1610319613800735831,0,1,111294,T,A,0,2586000000,1,4,18982,73913,NGH1
1610319613801530541,1610319613800737865,0,1,111294,T,A,0,2586000000,1,132,22495,73918,NGH1
1610319613801530541,1610319613800737865,0,1,24512,T,N,0,-15000000,1,4,22495,73918,NGH1-NGJ1
1610319613801530541,1610319613800737865,0,1,111296,T,N,0,2601000000,1,4,22495,73918,NGJ1
1610319614118284289,1610319614116607733,0,1,111294,T,N,0,2586000000,1,4,19549,74024,NGH1
1610319614118284289,1610319614116607733,0,1,111293,T,A,0,2614000000,1,4,19549,74024,NGG1
1610319614118284289,1610319614116607733,0,1,111293,T,A,0,2613000000,1,4,19549,74024,NGG1
1610319614118284289,1610319614116607733,0,1,215880,T,N,0,27000000,1,4,19549,74024,NGG1-NGH1
1610319614161807338,1610319614161438749,0,1,111293,T,B,0,2613000000,1,4,18263,74066,NGG1
1610319614215894106,1610319614215161033,0,1,41645,T,A,0,-180000000,1,4,19216,74078,NGJ1-NGV1
1610319614217981474,1610319614215329051,0,1,41645,T,A,0,-180000000,1,4,18289,74080,NGJ1-NGV1
1610319614218028082,1610319614215329051,0,1,41645,T,A,0,-180000000,2,4,17373,74082,NGJ1-NGV1
1610319614218073710,1610319614215329051,0,1,41645,T,A,0,-180000000,3,4,16902,74084,NGJ1-NGV1
1610319614357179682,1610319614356655359,0,1,111293,T,A,0,2611000000,1,132,19284,74109,NGG1
1610319614357179682,1610319614356655359,0,1,215880,T,N,0,27000000,1,4,19284,74109,NGG1-NGH1
1610319614357179682,1610319614356655359,0,1,111294,T,N,0,2584000000,1,4,19284,74109,NGH1
1610319614824076216,1610319614823642253,0,1,111293,T,B,0,2613000000,1,4,17996,74192,NGG1
1610319614824635355,1610319614824153513,0,1,111293,T,B,0,2613000000,5,4,18220,74196,NGG1
1610319614825496053,1610319614824653835,0,1,204979,T,B,0,-25000000,5,4,18980,74206,NGJ1-NGK1
1610319615209820754,1610319615209240325,0,1,111293,T,B,0,2615000000,3,4,18775,74400,NGG1
1610319615698267858,1610319615697591641,0,1,111293,T,A,0,2615000000,1,4,18431,74546,NGG1
1610319615698737897,1610319615698045529,0,1,111293,T,A,0,2615000000,2,4,18022,74548,NGG1
1610319616164451556,1610319616163515731,0,1,111294,T,B,0,2588000000,1,4,19586,74655,NGH1
1610319616683604134,1610319616683123111,0,1,111293,T,B,0,2613000000,5,4,18002,74712,NGG1
1610319616684445428,1610319616683877461,0,1,111293,T,B,0,2613000000,1,4,17897,74737,NGG1
1610319616684781884,1610319616684002645,0,1,111293,T,B,0,2613000000,1,4,28656,74746,NGG1
1610319616762853123,1610319616762128257,0,1,24512,T,B,0,-14000000,1,4,19351,74776,NGH1-NGJ1
1610319617442030614,1610319617441558033,0,1,111314,T,B,0,2976000000,4,4,21131,74840,NGZ1
1610319617450758674,1610319617450366699,0,1,111293,T,B,0,2615000000,1,4,17705,74912,NGG1
1610319617451307965,1610319617450841665,0,1,111293,T,B,0,2615000000,1,4,18808,74919,NGG1
1610319617739215660,1610319617738624997,0,1,111293,T,A,0,2613000000,2,4,21604,74986,NGG1
1610319617739215660,1610319617738624997,0,1,111293,T,A,0,2612000000,2,4,21604,74986,NGG1
1610319618040795658,1610319618040310725,0,1,111293,T,A,0,2612000000,1,4,18971,75048,NGG1
1610319618312136434,1610319618311524413,0,1,24512,T,B,0,-13000000,1,4,19094,75070,NGH1-NGJ1
1610319618846871160,1610319618846296579,0,1,111293,T,A,0,2612000000,4,4,19561,75111,NGG1
1610319619058934775,1610319619058096909,0,1,41645,T,N,0,-183000000,1,4,19083,75163,NGJ1-NGV1
1610319619058934775,1610319619058096909,0,1,111296,T,A,0,2602000000,1,132,19083,75163,NGJ1
1610319619058934775,1610319619058096909,0,1,111311,T,N,0,2785000000,1,4,19083,75163,NGV1
1610319621268362368,1610319621267444625,0,1,111293,T,B,0,2614000000,1,4,20412,75286,NGG1
1610319621306353549,1610319621305266179,0,1,111293,T,B,0,2614000000,1,4,22287,75311,NGG1
1610319621532210336,1610319621531588181,0,1,215880,T,A,0,27000000,1,4,28490,75349,NGG1-NGH1
1610319621821203988,1610319621820753843,0,1,111293,T,A,0,2614000000,1,4,18594,75375,NGG1
1610319622061704035,1610319622061000169,0,1,111293,T,B,0,2615000000,2,4,27402,75384,NGG1
1610319622578035188,1610319622576809749,0,1,215880,T,B,0,28000000,2,4,19016,75450,NGG1-NGH1
1610319622621421591,1610319622620384299,0,1,215880,T,N,0,28000000,1,4,20004,75500,NGG1-NGH1
1610319622621421591,1610319622620384299,0,1,111293,T,A,0,2616000000,1,4,20004,75500,NGG1
1610319622621421591,1610319622620384299,0,1,111293,T,A,0,2615000000,1,4,20004,75500,NGG1
1610319622621421591,1610319622620384299,0,1,111294,T,N,0,2588000000,1,4,20004,75500,NGH1
1610319622636861218,1610319622636217073,0,1,111294,T,N,0,2588000000,1,4,20629,75513,NGH1
1610319622636861218,1610319622636217073,0,1,111293,T,A,0,2616000000,1,132,20629,75513,NGG1
1610319622636861218,1610319622636217073,0,1,215880,T,N,0,28000000,1,4,20629,75513,NGG1-NGH1
1610319622673690961,1610319622673102565,0,1,215880,T,N,0,28000000,1,4,19424,75520,NGG1-NGH1
1610319622673690961,1610319622673102565,0,1,111293,T,N,0,2617000000,1,4,19424,75520,NGG1
1610319622673690961,1610319622673102565,0,1,111294,T,B,0,2589000000,1,4,19424,75520,NGH1
1610319622729078381,1610319622728691279,0,1,111293,T,B,0,2617000000,1,4,18014,75557,NGG1
1610319622912535245,1610319622911782831,0,1,111298,T,A,0,2629000000,1,4,18252,75581,NGK1
1610319623107896155,1610319623105748623,0,1,111293,T,A,0,2616000000,3,4,20947,75629,NGG1
1610319623107896155,1610319623105748623,0,1,111293,T,A,0,2615000000,28,4,20947,75629,NGG1
1610319623107896155,1610319623105748623,0,1,111294,T,N,0,2589000000,2,4,20947,75629,NGH1
1610319623107896155,1610319623105748623,0,1,111294,T,N,0,2588000000,1,4,20947,75629,NGH1
1610319623107896155,1610319623105748623,0,1,215880,T,N,0,27000000,3,4,20947,75629,NGG1-NGH1
1610319623333208650,1610319623332439213,0,1,111294,T,B,0,2591000000,1,4,17885,75699,NGH1
1610319624658626131,1610319624657848545,0,1,111293,T,A,0,2616000000,1,4,17948,75756,NGG1
1610319625115221188,1610319625114559069,0,1,111293,T,A,0,2616000000,1,4,21400,75782,NGG1
1610319625538391186,1610319625537962087,0,1,111293,T,B,0,2617000000,1,4,21586,75819,NGG1
1610319625538977093,1610319625538450569,0,1,111293,T,B,0,2617000000,1,4,18627,75823,NGG1
1610319626187438349,1610319626186696127,0,1,215880,T,B,0,28000000,3,4,19362,75851,NGG1-NGH1
1610319626189496034,1610319626188780807,0,1,111294,T,N,0,2590000000,1,4,19305,75887,NGH1
1610319626189496034,1610319626188780807,0,1,111296,T,N,0,2604000000,1,4,19305,75887,NGJ1
1610319626189496034,1610319626188780807,0,1,24512,T,B,0,-14000000,1,132,19305,75887,NGH1-NGJ1
1610319626486658702,1610319626486092799,0,1,111296,T,A,0,2605000000,1,4,18310,75925,NGJ1
1610319627154689784,1610319627153681889,0,1,111296,T,N,0,2605000000,1,4,20533,75954,NGJ1
1610319627154689784,1610319627153681889,0,1,111294,T,N,0,2589000000,1,4,20533,75954,NGH1
1610319627154689784,1610319627153681889,0,1,215880,T,N,0,28000000,1,4,20533,75954,NGG1-NGH1
1610319627154689784,1610319627153681889,0,1,111293,T,A,0,2617000000,2,132,20533,75954,NGG1
1610319627154689784,1610319627153681889,0,1,24463,T,N,0,12000000,1,4,20533,75954,NGG1-NGJ1
1610319627160293682,1610319627159700915,0,1,215880,T,A,0,28000000,1,4,19032,75989,NGG1-NGH1
1610319627162225446,1610319627161541425,0,1,111294,T,A,0,2590000000,1,132,18968,76005,NGH1
1610319627162225446,1610319627161541425,0,1,111296,T,N,0,2605000000,1,4,18968,76005,NGJ1
1610319627162225446,1610319627161541425,0,1,24512,T,N,0,-15000000,1,4,18968,76005,NGH1-NGJ1
1610319627266791882,1610319627266340017,0,1,111293,T,B,0,2618000000,1,4,19201,76113,NGG1
1610319627267157401,1610319627266343095,0,1,111296,T,N,0,2607000000,1,4,19563,76117,NGJ1
1610319627267157401,1610319627266343095,0,1,111311,T,B,0,2788000000,1,132,19563,76117,NGV1
1610319627267157401,1610319627266343095,0,1,41645,T,N,0,-181000000,1,4,19563,76117,NGJ1-NGV1
1610319627637414336,1610319627636654005,0,1,111293,T,B,0,2618000000,1,4,18182,76141,NGG1
1610319628387929981,1610319628386620775,0,1,111293,T,A,0,2616000000,1,132,19470,76200,NGG1
1610319628387929981,1610319628386620775,0,1,111296,T,N,0,2605000000,1,4,19470,76200,NGJ1
1610319628387929981,1610319628386620775,0,1,24463,T,N,0,11000000,1,4,19470,76200,NGG1-NGJ1
1610319628465263814,1610319628464431799,0,1,111293,T,B,0,2618000000,1,4,18472,76219,NGG1
1610319628776149135,1610319628775093361,0,1,209631,T,A,0,-58000000,1,4,19161,76237,NGV1-NGX1
1610319628776855838,1610319628775108591,0,1,209631,T,A,0,-58000000,1,4,19600,76239,NGV1-NGX1
1610319628776855838,1610319628775108591,0,1,41958,T,N,0,-25000000,1,4,19600,76239,NGU1-NGV1
1610319628776855838,1610319628775108591,0,1,25200,T,N,0,33000000,1,4,19600,76239,NG:BF U21-V21-X21
1610319628979811595,1610319628978401617,0,1,111298,T,N,0,2633000000,1,4,21470,76337,NGK1
1610319628979811595,1610319628978401617,0,1,62831,T,N,0,-67000000,1,4,21470,76337,NGM1-NGN1
1610319628979811595,1610319628978401617,0,1,121372,T,N,0,-58000000,1,4,21470,76337,NGK1-NGM1
1610319628979811595,1610319628978401617,0,1,111299,T,B,0,2691000000,1,4,21470,76337,NGM1
1610319628979811595,1610319628978401617,0,1,111299,T,B,0,2693000000,1,132,21470,76337,NGM1
1610319628979811595,1610319628978401617,0,1,111301,T,N,0,2760000000,1,4,21470,76337,NGN1
1610319630267185125,1610319630266487457,0,1,111293,T,A,0,2617000000,1,132,19509,76546,NGG1
1610319630267185125,1610319630266487457,0,1,111294,T,N,0,2590000000,1,4,19509,76546,NGH1
1610319630267185125,1610319630266487457,0,1,215880,T,N,0,27000000,1,4,19509,76546,NGG1-NGH1
1610319631817852801,1610319631816842281,0,1,111294,T,N,0,2591000000,1,4,19017,76951,NGH1
1610319631817852801,1610319631816842281,0,1,111296,T,N,0,2605000000,1,4,19017,76951,NGJ1
1610319631817852801,1610319631816842281,0,1,24512,T,B,0,-14000000,1,132,19017,76951,NGH1-NGJ1
1610319632185862562,1610319632185387269,0,1,111293,T,B,0,2618000000,1,4,18322,77046,NGG1
1610319632962605003,1610319632961016685,0,1,111293,T,N,0,2618000000,1,4,19065,77208,NGG1
1610319632962605003,1610319632961016685,0,1,111296,T,B,0,2606000000,1,132,19065,77208,NGJ1
1610319632962605003,1610319632961016685,0,1,24463,T,N,0,12000000,1,4,19065,77208,NGG1-NGJ1
1610319633174543877,1610319633173351393,0,1,24512,T,B,0,-13000000,1,4,18606,77248,NGH1-NGJ1
1610319633300311927,1610319633299875685,0,1,111293,T,B,0,2619000000,1,4,18466,77291,NGG1
1610319633302229055,1610319633301484793,0,1,111293,T,A,0,2619000000,2,4,19600,77318,NGG1
1610319633302229055,1610319633301484793,0,1,111298,T,N,0,2632000000,1,4,19600,77318,NGK1
1610319633302229055,1610319633301484793,0,1,204962,T,N,0,-13000000,1,4,19600,77318,NGG1-NGK1
1610319633302697774,1610319633301843419,0,1,111293,T,N,0,2619000000,1,4,18802,77327,NGG1
1610319633302697774,1610319633301843419,0,1,24463,T,N,0,13000000,1,4,18802,77327,NGG1-NGJ1
1610319633302697774,1610319633301843419,0,1,111296,T,B,0,2606000000,1,132,18802,77327,NGJ1
1610319633303197757,1610319633302656777,0,1,215880,T,A,0,27000000,1,4,19168,77333,NGG1-NGH1
1610319633303474813,1610319633302746997,0,1,204979,T,A,0,-25000000,1,4,18682,77335,NGJ1-NGK1
1610319633303718600,1610319633302794001,0,1,24512,T,A,0,-13000000,1,4,18000,77337,NGH1-NGJ1
1610319633304514367,1610319633303863033,0,1,111293,T,B,0,2619000000,1,4,18318,77346,NGG1
1610319633585660508,1610319633585262797,0,1,111293,T,B,0,2619000000,1,4,23034,77373,NGG1
1610319634817013785,1610319634816358931,0,1,204979,T,A,0,-25000000,18,4,23229,77510,NGJ1-NGK1
1610319634915237515,1610319634914810083,0,1,111293,T,B,0,2619000000,1,4,20670,77612,NGG1
1610319634916060118,1610319634915695205,0,1,111293,T,B,0,2620000000,1,4,20623,77627,NGG1
1610319634936201968,1610319634935708493,0,1,111293,T,A,0,2619000000,3,4,23883,77659,NGG1
1610319635858322828,1610319635856223113,0,1,215880,T,A,0,27000000,50,4,24191,77708,NGG1-NGH1
1610319636382863371,1610319636382345707,0,1,111293,T,A,0,2620000000,1,4,22828,77756,NGG1
1610319636587789267,1610319636587041095,0,1,111293,T,B,0,2621000000,2,4,23392,77767,NGG1
