ts_recv,ts_event,rtype,publisher_id,instrument_id,action,side,depth,price,size,flags,ts_in_delta,sequence,symbol
1611529200361779808,1611529200000000000,0,1,43150,T,N,0,16000000,3,4,22846,63324,NG:BF J1-K1-M1
1611529200361810472,1611529200000000000,0,1,143984,T,N,0,3049000000,1,4,20116,63325,NGF2
1611529200362212737,1611529200000000000,0,1,111293,T,N,0,2542000000,45,4,23152,63326,NGG1
1611529200364656254,1611529200000000000,0,1,215880,T,N,0,6000000,12,4,22788,63327,NGG1-NGH1
1611529200367898921,1611529200000000000,0,1,24463,T,N,0,-23000000,3,4,20638,63328,NGG1-NGJ1
1611529200370780347,1611529200000000000,0,1,111294,T,N,0,2530000000,81,4,27468,63329,NGH1
1611529200376510835,1611529200000000000,0,1,24512,T,N,0,-36000000,92,4,25759,63330,NGH1-NGJ1
1611529200385125546,1611529200000000000,0,1,204963,T,N,0,-86000000,1,4,26415,63331,NGH1-NGK1
1611529200385415698,1611529200000000000,0,1,111296,T,N,0,2566000000,25,4,26287,63332,NGJ1
1611529200386223368,1611529200000000000,0,1,204979,T,N,0,-46000000,29,4,21727,63333,NGJ1-NGK1
1611529200388519253,1611529200000000000,0,1,121360,T,N,0,-109000000,1,4,19510,63334,NGJ1-NGM1
1611529200388865654,1611529200000000000,0,1,41645,T,N,0,-227000000,2,4,18974,63335,NGJ1-NGV1
1611529200389141019,1611529200000000000,0,1,121372,T,N,0,-64000000,18,4,18787,63336,NGK1-NGM1
1611529200389740084,1611529200000000000,0,1,62831,T,N,0,-70000000,100,4,19493,63337,NGM1-NGN1
1611529200390953154,1611529200000000000,0,1,15052,T,N,0,-26000000,50,4,20719,63338,NGN1-NGQ1
1611529200393695136,1611529200000000000,0,1,111303,T,N,0,2765000000,4,4,19588,63339,NGQ1
1611529200429917958,1611529200000000000,0,1,121372,T,N,0,-64000000,1,4,22029,63436,NGK1-NGM1
1611529200429917958,1611529200000000000,0,1,204979,T,N,0,-47000000,1,4,22029,63436,NGJ1-NGK1
1611529200429917958,1611529200000000000,0,1,111296,T,N,0,2566000000,1,4,22029,63436,NGJ1
1611529200429917958,1611529200000000000,0,1,111294,T,N,0,2532000000,1,4,22029,63436,NGH1
1611529200429917958,1611529200000000000,0,1,24463,T,N,0,-24000000,1,4,22029,63436,NGG1-NGJ1
1611529200429917958,1611529200000000000,0,1,215880,T,N,0,6000000,1,4,22029,63436,NGG1-NGH1
1611529200429917958,1611529200000000000,0,1,111293,T,N,0,2538000000,1,4,22029,63436,NGG1
1611529200429917958,1611529200000000000,0,1,111293,T,N,0,2542000000,1,4,22029,63436,NGG1
1611529200429917958,1611529200000000000,0,1,43150,T,N,0,17000000,1,4,22029,63436,NG:BF J1-K1-M1
1611529200509451045,1611529200084431559,0,1,111294,T,B,0,2532000000,3,4,19370,63657,NGH1
1611529200509451045,1611529200084431559,0,1,111294,T,B,0,2533000000,5,4,19370,63657,NGH1
1611529200509451045,1611529200084431559,0,1,111296,T,N,0,2567000000,1,4,19370,63657,NGJ1
1611529200509451045,1611529200084431559,0,1,24512,T,N,0,-35000000,1,4,19370,63657,NGH1-NGJ1
1611529200509464573,1611529200084431559,0,1,111294,T,B,0,2533000000,1,4,17477,63658,NGH1
1611529200509475529,1611529200084431559,0,1,111294,T,B,0,2533000000,2,4,18613,63659,NGH1
1611529200509475529,1611529200084431559,0,1,111294,T,B,0,2535000000,3,4,18613,63659,NGH1
1611529200529695556,1611529200156470373,0,1,111296,T,B,0,2566000000,1,132,19069,63729,NGJ1
1611529200529695556,1611529200156470373,0,1,111293,T,N,0,2542000000,1,4,19069,63729,NGG1
1611529200529695556,1611529200156470373,0,1,24463,T,N,0,-24000000,1,4,19069,63729,NGG1-NGJ1
1611529200545808403,1611529200365587711,0,1,215880,T,A,0,5000000,2,4,19520,63769,NGG1-NGH1
1611529200545808403,1611529200365587711,0,1,215880,T,A,0,4000000,1,4,19520,63769,NGG1-NGH1
1611529200545808403,1611529200365587711,0,1,215880,T,A,0,3000000,5,4,19520,63769,NGG1-NGH1
1611529200546037995,1611529200368688025,0,1,215880,T,N,0,4000000,1,4,18752,63773,NGG1-NGH1
1611529200546037995,1611529200368688025,0,1,111293,T,N,0,2537000000,1,4,18752,63773,NGG1
1611529200546037995,1611529200368688025,0,1,111294,T,A,0,2533000000,1,132,18752,63773,NGH1
1611529200546783077,1611529200368688025,0,1,24512,T,B,0,-35000000,1,4,18790,63775,NGH1-NGJ1
1611529200547984463,1611529200377134525,0,1,215880,T,B,0,4000000,1,4,18135,63785,NGG1-NGH1
1611529200548785621,1611529200386776835,0,1,24512,T,N,0,-36000000,1,4,17753,63789,NGH1-NGJ1
1611529200548785621,1611529200386776835,0,1,204979,T,A,0,-46000000,1,132,17753,63789,NGJ1-NGK1
1611529200548785621,1611529200386776835,0,1,8605,T,N,0,10000000,1,4,17753,63789,NG:BF H1-J1-K1
1611529200548935321,1611529200386843689,0,1,24512,T,A,0,-36000000,1,4,18214,63791,NGH1-NGJ1
1611529200550167828,1611529200401786543,0,1,215880,T,B,0,4000000,5,4,17952,63799,NGG1-NGH1
1611529200553858032,1611529200401852273,0,1,24512,T,B,0,-35000000,1,4,18701,63820,NGH1-NGJ1
1611529200565178688,1611529200401958301,0,1,215880,T,B,0,4000000,1,4,19061,63898,NGG1-NGH1
1611529200565178688,1611529200401958301,0,1,215880,T,B,0,5000000,1,4,19061,63898,NGG1-NGH1
1611529200565588069,1611529200401993305,0,1,215880,T,B,0,5000000,1,4,18424,63904,NGG1-NGH1
1611529200624657728,1611529200407796465,0,1,24512,T,A,0,-36000000,5,4,18715,64086,NGH1-NGJ1
1611529200644170690,1611529200409619749,0,1,215880,T,B,0,5000000,1,4,18425,64262,NGG1-NGH1
1611529200653832659,1611529200411008529,0,1,24512,T,A,0,-36000000,3,4,18359,64344,NGH1-NGJ1
1611529200687234858,1611529200429937951,0,1,24512,T,N,0,-36000000,1,4,19438,64929,NGH1-NGJ1
1611529200687234858,1611529200429937951,0,1,8605,T,N,0,10000000,1,4,19438,64929,NG:BF H1-J1-K1
1611529200687234858,1611529200429937951,0,1,204979,T,A,0,-46000000,4,4,19438,64929,NGJ1-NGK1
1611529200687545215,1611529200429949977,0,1,215880,T,N,0,5000000,1,4,18409,64931,NGG1-NGH1
1611529200687545215,1611529200429949977,0,1,111294,T,N,0,2533000000,1,4,18409,64931,NGH1
1611529200687545215,1611529200429949977,0,1,111293,T,A,0,2538000000,1,4,18409,64931,NGG1
1611529200694973847,1611529200431633941,0,1,111293,T,B,0,2538000000,5,4,18292,64963,NGG1
1611529200697613289,1611529200432668365,0,1,24512,T,A,0,-36000000,5,4,20150,64975,NGH1-NGJ1
1611529200698579351,1611529200435106009,0,1,111293,T,B,0,2540000000,1,4,18644,64982,NGG1
1611529200698579351,1611529200435106009,0,1,111294,T,N,0,2534000000,1,4,18644,64982,NGH1
1611529200698579351,1611529200435106009,0,1,215880,T,N,0,6000000,1,4,18644,64982,NGG1-NGH1
1611529200702658827,1611529200445118897,0,1,215880,T,N,0,5000000,2,4,19573,65005,NGG1-NGH1
1611529200702658827,1611529200445118897,0,1,111294,T,B,0,2535000000,1,4,19573,65005,NGH1
1611529200702658827,1611529200445118897,0,1,111294,T,B,0,2536000000,4,4,19573,65005,NGH1
1611529200702658827,1611529200445118897,0,1,111293,T,N,0,2541000000,2,4,19573,65005,NGG1
1611529200704204935,1611529200447047039,0,1,111294,T,A,0,2536000000,2,4,19940,65012,NGH1
1611529200706269375,1611529200458110355,0,1,24512,T,A,0,-36000000,3,4,18106,65023,NGH1-NGJ1
1611529200709438686,1611529200496043413,0,1,24512,T,A,0,-36000000,5,4,20748,65047,NGH1-NGJ1
1611529200718359017,1611529200503104425,0,1,111294,T,B,0,2537000000,3,132,19451,65154,NGH1
1611529200718359017,1611529200503104425,0,1,111293,T,N,0,2542000000,2,4,19451,65154,NGG1
1611529200718359017,1611529200503104425,0,1,215880,T,N,0,5000000,2,4,19451,65154,NGG1-NGH1
1611529200718359017,1611529200503104425,0,1,204963,T,N,0,-79000000,1,4,19451,65154,NGH1-NGK1
1611529200718359017,1611529200503104425,0,1,111298,T,N,0,2616000000,1,4,19451,65154,NGK1
1611529200719396667,1611529200503104425,0,1,215880,T,B,0,6000000,3,4,18313,65160,NGG1-NGH1
1611529200722185845,1611529200505727873,0,1,111294,T,A,0,2536000000,1,4,23040,65179,NGH1
1611529200722805179,1611529200505727873,0,1,24512,T,B,0,-35000000,1,4,18294,65181,NGH1-NGJ1
1611529200722930339,1611529200505727873,0,1,204979,T,B,0,-46000000,1,4,18184,65183,NGJ1-NGK1
1611529200723061119,1611529200505727873,0,1,121372,T,B,0,-64000000,1,4,17872,65185,NGK1-NGM1
1611529200723211271,1611529200505727873,0,1,62831,T,B,0,-70000000,1,4,18084,65187,NGM1-NGN1
1611529200723375220,1611529200505727873,0,1,15052,T,B,0,-26000000,1,4,18039,65189,NGN1-NGQ1
1611529200725765465,1611529200506344199,0,1,111294,T,A,0,2536000000,1,4,18544,65212,NGH1
1611529200730442163,1611529200508007229,0,1,24512,T,B,0,-35000000,1,4,18424,65243,NGH1-NGJ1
1611529200734833501,1611529200509093643,0,1,111294,T,A,0,2536000000,1,4,18040,65277,NGH1
1611529200737753935,1611529200509599529,0,1,111294,T,A,0,2536000000,1,4,18240,65288,NGH1
1611529200739474342,1611529200510615379,0,1,111294,T,A,0,2536000000,1,4,18244,65297,NGH1
1611529200747837032,1611529200529690423,0,1,111294,T,N,0,2536000000,1,4,17888,65345,NGH1
1611529200747837032,1611529200529690423,0,1,24512,T,N,0,-35000000,1,4,17888,65345,NGH1-NGJ1
1611529200747837032,1611529200529690423,0,1,111296,T,A,0,2571000000,1,132,17888,65345,NGJ1
1611529200755792697,1611529200544712275,0,1,111294,T,A,0,2536000000,10,4,18720,65379,NGH1
1611529200756434291,1611529200545819193,0,1,215880,T,A,0,5000000,5,4,18190,65382,NGG1-NGH1
1611529200761836827,1611529200548944265,0,1,24512,T,A,0,-36000000,4,4,18200,65423,NGH1-NGJ1
1611529200777397560,1611529200594005161,0,1,111293,T,B,0,2543000000,1,4,18335,65736,NGG1
1611529200777406160,1611529200594005161,0,1,111293,T,B,0,2543000000,1,4,18248,65737,NGG1
1611529200778282346,1611529200596361191,0,1,111294,T,B,0,2537000000,2,4,19019,65745,NGH1
1611529200778282346,1611529200596361191,0,1,111294,T,B,0,2538000000,1,4,19019,65745,NGH1
1611529200778282346,1611529200596361191,0,1,111298,T,N,0,2616000000,1,4,19019,65745,NGK1
1611529200778282346,1611529200596361191,0,1,204963,T,N,0,-79000000,1,4,19019,65745,NGH1-NGK1
1611529200787645978,1611529200644178569,0,1,215880,T,B,0,5000000,3,4,18310,65954,NGG1-NGH1
1611529200788113439,1611529200644285045,0,1,215880,T,B,0,5000000,1,4,23455,65960,NGG1-NGH1
1611529200788113439,1611529200644285045,0,1,111294,T,N,0,2538000000,1,4,23455,65960,NGH1
1611529200788113439,1611529200644285045,0,1,111293,T,N,0,2543000000,1,4,23455,65960,NGG1
1611529200800334957,1611529200688972041,0,1,111294,T,A,0,2536000000,1,4,20318,66314,NGH1
1611529200803341971,1611529200693617269,0,1,24512,T,N,0,-36000000,2,4,19350,66344,NGH1-NGJ1
1611529200803341971,1611529200693617269,0,1,204979,T,A,0,-47000000,10,4,19350,66344,NGJ1-NGK1
1611529200803341971,1611529200693617269,0,1,8605,T,N,0,11000000,2,4,19350,66344,NG:BF H1-J1-K1
1611529200803545304,1611529200696231201,0,1,111294,T,N,0,2536000000,2,4,18226,66349,NGH1
1611529200803545304,1611529200696231201,0,1,111293,T,A,0,2541000000,2,132,18226,66349,NGG1
1611529200803545304,1611529200696231201,0,1,215880,T,N,0,5000000,2,4,18226,66349,NGG1-NGH1
1611529200804629502,1611529200701121717,0,1,111294,T,A,0,2536000000,1,4,18320,66365,NGH1
1611529200805163455,1611529200702550359,0,1,111294,T,A,0,2536000000,1,4,19101,66368,NGH1
1611529200806302838,1611529200704143711,0,1,111294,T,N,0,2536000000,2,4,19626,66383,NGH1
1611529200806302838,1611529200704143711,0,1,215880,T,N,0,5000000,2,4,19626,66383,NGG1-NGH1
1611529200806302838,1611529200704143711,0,1,111293,T,A,0,2541000000,2,132,19626,66383,NGG1
1611529200814169407,1611529200719377563,0,1,111294,T,B,0,2537000000,1,4,18911,66497,NGH1
1611529200816586124,1611529200739169657,0,1,111294,T,B,0,2537000000,1,4,18447,66574,NGH1
1611529200816941317,1611529200739803911,0,1,204979,T,A,0,-46000000,1,4,18407,66578,NGJ1-NGK1
1611529200816941317,1611529200739803911,0,1,111298,T,N,0,2617000000,1,4,18407,66578,NGK1
1611529200816941317,1611529200739803911,0,1,111296,T,N,0,2571000000,1,4,18407,66578,NGJ1
1611529200819315554,1611529200749877907,0,1,24512,T,B,0,-35000000,10,4,18499,66607,NGH1-NGJ1
1611529200819676075,1611529200753216713,0,1,24512,T,A,0,-36000000,1,4,18275,66615,NGH1-NGJ1
1611529200825833068,1611529200779356637,0,1,111294,T,B,0,2537000000,1,4,18087,66740,NGH1
1611529200826586753,1611529200781861067,0,1,111294,T,B,0,2538000000,1,4,18611,66751,NGH1
1611529200827157439,1611529200783228039,0,1,111294,T,B,0,2538000000,1,4,18139,66757,NGH1
1611529200827745720,1611529200783900827,0,1,111294,T,B,0,2538000000,1,4,19367,66772,NGH1
1611529200830536478,1611529200789101385,0,1,111294,T,A,0,2537000000,1,4,18256,66829,NGH1
1611529200831445172,1611529200790679633,0,1,111294,T,A,0,2536000000,1,4,20357,66841,NGH1
1611529200842448531,1611529200814211295,0,1,111294,T,B,0,2537000000,1,4,18043,67056,NGH1
1611529200846971381,1611529200819629497,0,1,24512,T,B,0,-36000000,1,4,18482,67140,NGH1-NGJ1
1611529200847036045,1611529200819636323,0,1,24512,T,B,0,-36000000,3,4,18747,67142,NGH1-NGJ1
1611529200847400714,1611529200819796071,0,1,24512,T,B,0,-36000000,1,4,23152,67152,NGH1-NGJ1
1611529200848937222,1611529200822753459,0,1,24512,T,A,0,-36000000,1,4,18340,67192,NGH1-NGJ1
1611529200852332537,1611529200825909645,0,1,111294,T,A,0,2537000000,1,4,18440,67239,NGH1
1611529200852680522,1611529200826292425,0,1,111298,T,N,0,2618000000,1,4,18611,67244,NGK1
1611529200852680522,1611529200826292425,0,1,143984,T,N,0,3071000000,1,4,18611,67244,NGF2
1611529200852680522,1611529200826292425,0,1,19166,T,A,0,-453000000,1,132,18611,67244,NGK1-NGF2
1611529200856367269,1611529200832464709,0,1,121372,T,B,0,-64000000,1,4,21164,67320,NGK1-NGM1
1611529200856514566,1611529200832464709,0,1,15052,T,B,0,-26000000,1,4,18226,67324,NGN1-NGQ1
1611529200858111937,1611529200835907825,0,1,60141,T,N,0,7250000,1,4,18765,67362,NGM1-HHM1
1611529200858111937,1611529200835907825,0,1,111299,T,N,0,2681000000,1,4,18765,67362,NGM1
1611529200864248646,1611529200845346607,0,1,143984,T,N,0,3072000000,1,4,18549,67481,NGF2
1611529200864248646,1611529200845346607,0,1,19540,T,N,0,-285000000,1,4,18549,67481,NGV1-NGF2
1611529200864248646,1611529200845346607,0,1,111311,T,B,0,2787000000,1,132,18549,67481,NGV1
1611529200867087336,1611529200847214997,0,1,17356,T,B,0,-95000000,1,4,18160,67508,NGZ1-NGF2
1611529200867423897,1611529200847877279,0,1,24512,T,A,0,-36000000,4,4,18224,67518,NGH1-NGJ1
1611529200868467447,1611529200849075333,0,1,111294,T,B,0,2538000000,2,4,18927,67538,NGH1
1611529200868467447,1611529200849075333,0,1,111293,T,N,0,2543000000,1,4,18927,67538,NGG1
1611529200868467447,1611529200849075333,0,1,215880,T,N,0,5000000,1,4,18927,67538,NGG1-NGH1
1611529200870778384,1611529200852227003,0,1,209623,T,N,0,-98000000,1,4,18528,67569,NGN1-NGX1
1611529200870778384,1611529200852227003,0,1,111313,T,N,0,2849000000,1,4,18528,67569,NGX1
1611529200870778384,1611529200852227003,0,1,111301,T,B,0,2751000000,1,4,18528,67569,NGN1
1611529200873727959,1611529200856367387,0,1,209631,T,B,0,-63000000,1,4,18202,67603,NGV1-NGX1
1611529200873792575,1611529200856373363,0,1,41958,T,B,0,-25000000,1,4,17986,67605,NGU1-NGV1
1611529200887736233,1611529200885989383,0,1,19540,T,A,0,-289000000,1,4,19872,67804,NGV1-NGF2
1611529200895590406,1611529200886048205,0,1,158336,T,B,0,-133000000,1,4,18214,67811,NGX1-NGZ1
1611529200895750538,1611529200886054501,0,1,17356,T,B,0,-95000000,1,4,18499,67814,NGZ1-NGF2
1611529200897308573,1611529200896161877,0,1,19540,T,A,0,-288000000,1,4,18829,67830,NGV1-NGF2
1611529200898168291,1611529200896172441,0,1,209631,T,B,0,-62000000,1,4,18524,67832,NGV1-NGX1
1611529200898926185,1611529200896175205,0,1,17356,T,B,0,-95000000,1,4,19079,67834,NGZ1-NGF2
1611529200935633020,1611529200934209287,0,1,15052,T,B,0,-26000000,9,4,19153,67917,NGN1-NGQ1
1611529200971950330,1611529200970520667,0,1,111294,T,B,0,2539000000,1,4,19301,67937,NGH1
1611529200980711760,1611529200978195771,0,1,24512,T,B,0,-35000000,13,4,25070,67944,NGH1-NGJ1
1611529200980711760,1611529200978195771,0,1,24512,T,B,0,-34000000,12,4,25070,67944,NGH1-NGJ1
1611529200982377416,1611529200980723501,0,1,24512,T,A,0,-35000000,5,4,18253,67988,NGH1-NGJ1
1611529200983602303,1611529200981951483,0,1,24512,T,A,0,-35000000,3,4,19375,68004,NGH1-NGJ1
1611529200983602303,1611529200981951483,0,1,24512,T,A,0,-36000000,3,4,19375,68004,NGH1-NGJ1
1611529201004813756,1611529201003284007,0,1,215880,T,B,0,6000000,9,4,20231,68107,NGG1-NGH1
1611529201013020898,1611529201003588409,0,1,215880,T,N,0,5000000,2,4,21052,68109,NGG1-NGH1
1611529201013020898,1611529201003588409,0,1,111294,T,B,0,2538000000,2,4,21052,68109,NGH1
1611529201013020898,1611529201003588409,0,1,111294,T,B,0,2539000000,5,4,21052,68109,NGH1
1611529201013020898,1611529201003588409,0,1,111294,T,B,0,2540000000,3,4,21052,68109,NGH1
1611529201013020898,1611529201003588409,0,1,111293,T,N,0,2543000000,2,4,21052,68109,NGG1
1611529201015549948,1611529201011385761,0,1,111293,T,B,0,2545000000,1,4,17954,68143,NGG1
1611529201017200767,1611529201013462811,0,1,111294,T,A,0,2537000000,1,4,18184,68168,NGH1
1611529201022710435,1611529201021713599,0,1,111296,T,A,0,2572000000,1,4,21133,68217,NGJ1
1611529201042335486,1611529201041474759,0,1,111294,T,B,0,2539000000,1,4,19086,68245,NGH1
1611529201050417744,1611529201042366319,0,1,111294,T,B,0,2540000000,4,4,18553,68249,NGH1
1611529201090169186,1611529201087081067,0,1,111294,T,A,0,2538000000,1,132,19912,68293,NGH1
1611529201090169186,1611529201087081067,0,1,111293,T,N,0,2544000000,1,4,19912,68293,NGG1
1611529201090169186,1611529201087081067,0,1,215880,T,N,0,6000000,1,4,19912,68293,NGG1-NGH1
1611529201099521907,1611529201097664631,0,1,111296,T,N,0,2574000000,1,4,18530,68337,NGJ1
1611529201099521907,1611529201097664631,0,1,111298,T,A,0,2620000000,1,132,18530,68337,NGK1
1611529201099521907,1611529201097664631,0,1,204979,T,N,0,-46000000,1,4,18530,68337,NGJ1-NGK1
1611529201129537644,1611529201126657441,0,1,111296,T,N,0,2576000000,1,4,21374,68419,NGJ1
1611529201129537644,1611529201126657441,0,1,111294,T,B,0,2541000000,5,4,21374,68419,NGH1
1611529201129537644,1611529201126657441,0,1,24512,T,N,0,-35000000,1,4,21374,68419,NGH1-NGJ1
1611529201129547152,1611529201126657441,0,1,111296,T,B,0,2576000000,1,4,19449,68420,NGJ1
1611529201129547152,1611529201126657441,0,1,111299,T,N,0,2685000000,1,4,19449,68420,NGM1
1611529201129547152,1611529201126657441,0,1,121360,T,N,0,-109000000,1,4,19449,68420,NGJ1-NGM1
1611529201135522873,1611529201131835795,0,1,111294,T,A,0,2541000000,5,4,18775,68471,NGH1
1611529201136466243,1611529201132558941,0,1,62831,T,B,0,-70000000,30,4,18403,68485,NGM1-NGN1
1611529201137372893,1611529201135692619,0,1,111294,T,A,0,2539000000,1,4,18309,68497,NGH1
1611529201141402334,1611529201137941503,0,1,111296,T,A,0,2574000000,1,4,18064,68571,NGJ1
1611529201142002323,1611529201138927415,0,1,62831,T,B,0,-70000000,6,4,19446,68580,NGM1-NGN1
1611529201142002323,1611529201138927415,0,1,121372,T,N,0,-64000000,4,4,19446,68580,NGK1-NGM1
1611529201142002323,1611529201138927415,0,1,34802,T,N,0,6000000,4,4,19446,68580,NG:BF K1-M1-N1
1611529201147581519,1611529201142013141,0,1,34802,T,N,0,6000000,11,4,24352,68609,NG:BF K1-M1-N1
1611529201147581519,1611529201142013141,0,1,121372,T,N,0,-64000000,11,4,24352,68609,NGK1-NGM1
1611529201147581519,1611529201142013141,0,1,62831,T,B,0,-70000000,32,4,24352,68609,NGM1-NGN1
1611529201147581519,1611529201142013141,0,1,15052,T,N,0,-26000000,21,4,24352,68609,NGN1-NGQ1
1611529201147581519,1611529201142013141,0,1,91692,T,N,0,-44000000,21,4,24352,68609,NG:BF M1-N1-Q1
1611529201168818793,1611529201166102819,0,1,111294,T,A,0,2539000000,2,4,25704,68641,NGH1
1611529201168818793,1611529201166102819,0,1,111294,T,A,0,2538000000,1,4,25704,68641,NGH1
1611529201168818793,1611529201166102819,0,1,111294,T,A,0,2537000000,5,4,25704,68641,NGH1
1611529201168818793,1611529201166102819,0,1,215880,T,N,0,6000000,5,4,25704,68641,NGG1-NGH1
1611529201168818793,1611529201166102819,0,1,111293,T,N,0,2545000000,2,4,25704,68641,NGG1
1611529201168818793,1611529201166102819,0,1,111293,T,N,0,2543000000,3,4,25704,68641,NGG1
1611529201186471748,1611529201185462899,0,1,111294,T,A,0,2539000000,1,4,20581,68778,NGH1
1611529201212394348,1611529201211203829,0,1,111294,T,A,0,2539000000,1,4,18771,68797,NGH1
1611529201233979132,1611529201231761813,0,1,111294,T,B,0,2541000000,1,4,20588,68810,NGH1
1611529201233979132,1611529201231761813,0,1,111294,T,B,0,2542000000,4,4,20588,68810,NGH1
1611529201233979132,1611529201231761813,0,1,111293,T,N,0,2546000000,2,4,20588,68810,NGG1
1611529201233979132,1611529201231761813,0,1,215880,T,N,0,4000000,2,4,20588,68810,NGG1-NGH1
1611529201628873004,1611529201627176739,0,1,111294,T,A,0,2539000000,1,4,29223,69015,NGH1
1611529201746503508,1611529201745834813,0,1,111296,T,A,0,2575000000,3,4,19084,69076,NGJ1
1611529201765323333,1611529201764741317,0,1,111293,T,B,0,2547000000,2,4,19030,69083,NGG1
1611529201936904135,1611529201935495817,0,1,111296,T,N,0,2575000000,1,4,19816,69137,NGJ1
1611529201936904135,1611529201935495817,0,1,111294,T,A,0,2539000000,1,132,19816,69137,NGH1
1611529201936904135,1611529201935495817,0,1,24512,T,N,0,-36000000,1,4,19816,69137,NGH1-NGJ1
1611529201937561888,1611529201936951369,0,1,111296,T,A,0,2575000000,3,4,18540,69141,NGJ1
1611529202001664180,1611529202000052817,0,1,111296,T,B,0,2577000000,1,4,28270,69175,NGJ1
1611529202001982737,1611529202000066407,0,1,111293,T,A,0,2544000000,1,4,22426,69178,NGG1
1611529202010331379,1611529202008798913,0,1,111293,T,A,0,2544000000,1,4,18953,69191,NGG1
1611529202013281417,1611529202011789523,0,1,111294,T,A,0,2538000000,1,4,19279,69207,NGH1
1611529202017374150,1611529202015486539,0,1,111293,T,A,0,2543000000,3,4,19365,69239,NGG1
1611529202019670699,1611529202018057733,0,1,111293,T,A,0,2542000000,3,4,19232,69268,NGG1
1611529202020043636,1611529202018062987,0,1,111293,T,A,0,2542000000,3,4,22626,69269,NGG1
1611529202027131251,1611529202026579209,0,1,111293,T,B,0,2542000000,1,4,18323,69303,NGG1
1611529202035793722,1611529202034100093,0,1,111293,T,B,0,2542000000,1,4,19345,69311,NGG1
1611529202035793722,1611529202034100093,0,1,111293,T,B,0,2543000000,3,4,19345,69311,NGG1
1611529202055924773,1611529202051324129,0,1,111293,T,N,0,2544000000,1,4,21817,69333,NGG1
1611529202055924773,1611529202051324129,0,1,111294,T,B,0,2539000000,2,4,21817,69333,NGH1
1611529202055924773,1611529202051324129,0,1,215880,T,N,0,5000000,1,4,21817,69333,NGG1-NGH1
1611529202098862762,1611529202094181187,0,1,111293,T,B,0,2544000000,2,4,18909,69357,NGG1
1611529202100720854,1611529202099631973,0,1,111293,T,B,0,2546000000,4,4,19786,69369,NGG1
1611529202100720854,1611529202099631973,0,1,215880,T,N,0,6000000,2,4,19786,69369,NGG1-NGH1
1611529202100720854,1611529202099631973,0,1,111294,T,N,0,2540000000,2,4,19786,69369,NGH1
1611529202101251691,1611529202100413411,0,1,111294,T,B,0,2541000000,1,4,18519,69378,NGH1
1611529202104970771,1611529202101554855,0,1,111294,T,N,0,2540000000,1,4,20536,69400,NGH1
1611529202104970771,1611529202101554855,0,1,111294,T,N,0,2541000000,2,4,20536,69400,NGH1
1611529202104970771,1611529202101554855,0,1,215880,T,N,0,6000000,3,4,20536,69400,NGG1-NGH1
1611529202104970771,1611529202101554855,0,1,111293,T,B,0,2546000000,1,4,20536,69400,NGG1
1611529202104970771,1611529202101554855,0,1,111293,T,B,0,2547000000,2,132,20536,69400,NGG1
1611529202122450140,1611529202121745757,0,1,111293,T,B,0,2546000000,2,4,19340,69446,NGG1
1611529202141467325,1611529202140825405,0,1,111294,T,B,0,2542000000,1,4,18946,69488,NGH1
1611529202182119385,1611529202176962257,0,1,111293,T,A,0,2543000000,1,4,17669,69507,NGG1
1611529202214845780,1611529202207800217,0,1,111293,T,B,0,2547000000,1,4,22164,69530,NGG1
1611529202268904588,1611529202267753019,0,1,111293,T,B,0,2547000000,1,4,29427,69534,NGG1
1611529202517853885,1611529202516913415,0,1,111294,T,B,0,2542000000,1,4,39321,69599,NGH1
1611529202782926968,1611529202782217861,0,1,111294,T,A,0,2538000000,1,4,19447,69690,NGH1
1611529202812206423,1611529202811730199,0,1,111293,T,A,0,2544000000,1,4,18649,69703,NGG1
1611529202878719179,1611529202876157999,0,1,111293,T,N,0,2543000000,1,4,23084,69732,NGG1
1611529202878719179,1611529202876157999,0,1,111294,T,A,0,2537000000,3,4,23084,69732,NGH1
1611529202878719179,1611529202876157999,0,1,111294,T,A,0,2536000000,2,4,23084,69732,NGH1
1611529202878719179,1611529202876157999,0,1,111294,T,A,0,2535000000,10,4,23084,69732,NGH1
1611529202878719179,1611529202876157999,0,1,111294,T,A,0,2534000000,5,4,23084,69732,NGH1
1611529202878719179,1611529202876157999,0,1,215880,T,N,0,6000000,1,4,23084,69732,NGG1-NGH1
1611529202878719179,1611529202876157999,0,1,111296,T,N,0,2572000000,2,4,23084,69732,NGJ1
1611529202878719179,1611529202876157999,0,1,24512,T,N,0,-37000000,2,4,23084,69732,NGH1-NGJ1
1611529202885037288,1611529202882360019,0,1,24512,T,A,0,-37000000,1,132,18520,69882,NGH1-NGJ1
1611529202885037288,1611529202882360019,0,1,215880,T,N,0,6000000,1,4,18520,69882,NGG1-NGH1
1611529202885037288,1611529202882360019,0,1,26953,T,N,0,43000000,1,4,18520,69882,NG:BF G1-H1-J1
1611529202887699086,1611529202885054379,0,1,215880,T,A,0,6000000,3,4,18900,69920,NGG1-NGH1
1611529202887775986,1611529202885435917,0,1,24512,T,B,0,-37000000,4,4,25677,69925,NGH1-NGJ1
1611529202887790550,1611529202885450811,0,1,24512,T,B,0,-37000000,1,4,20926,69926,NGH1-NGJ1
1611529202911885934,1611529202910446815,0,1,111293,T,B,0,2544000000,1,4,20982,69997,NGG1
1611529202981525792,1611529202980924957,0,1,111294,T,A,0,2535000000,1,4,19784,70058,NGH1
1611529203176677162,1611529203176144421,0,1,111294,T,B,0,2537000000,1,4,18782,70114,NGH1
1611529203370655049,1611529203369965121,0,1,24512,T,B,0,-36000000,2,4,18814,70140,NGH1-NGJ1
1611529203371607743,1611529203370668375,0,1,24512,T,B,0,-36000000,2,4,18697,70164,NGH1-NGJ1
1611529203505812710,1611529203504616179,0,1,61251,T,B,0,3750000,25,4,19746,70263,NGG1-HHG1
1611529203508400383,1611529203507753327,0,1,61251,T,A,0,3750000,10,4,18541,70276,NGG1-HHG1
1611529203511964651,1611529203510936961,0,1,61251,T,A,0,3750000,5,4,18875,70286,NGG1-HHG1
1611529203608390643,1611529203607709079,0,1,61251,T,A,0,3750000,10,4,18574,70314,NGG1-HHG1
1611529203615318910,1611529203614405439,0,1,111293,T,B,0,2543000000,1,4,18572,70329,NGG1
1611529203941512228,1611529203940992043,0,1,111294,T,B,0,2536000000,1,4,18863,70552,NGH1
1611529203964460897,1611529203963885709,0,1,111294,T,A,0,2534000000,1,4,18868,70579,NGH1
1611529203967410024,1611529203965748325,0,1,111296,T,A,0,2569000000,1,4,18484,70614,NGJ1
1611529204314382562,1611529204313491709,0,1,111294,T,B,0,2536000000,1,4,18690,70742,NGH1
1611529204338985063,1611529204338465781,0,1,111293,T,B,0,2541000000,1,4,18086,70750,NGG1
1611529205096684433,1611529205095976517,0,1,111294,T,B,0,2536000000,1,4,18640,70868,NGH1
1611529206467979273,1611529206466869473,0,1,111293,T,A,0,2540000000,2,4,18822,71030,NGG1
1611529206468936679,1611529206468161657,0,1,111294,T,A,0,2534000000,1,4,18832,71043,NGH1
1611529206472877740,1611529206469974183,0,1,24463,T,A,0,-31000000,1,4,17935,71133,NGG1-NGJ1
1611529206598508158,1611529206597051055,0,1,111294,T,A,0,2532000000,1,132,22962,71276,NGH1
1611529206598508158,1611529206597051055,0,1,111293,T,N,0,2538000000,1,4,22962,71276,NGG1
1611529206598508158,1611529206597051055,0,1,215880,T,N,0,6000000,1,4,22962,71276,NGG1-NGH1
1611529207964949105,1611529207963533431,0,1,215880,T,N,0,6000000,1,4,24158,71515,NGG1-NGH1
1611529207964949105,1611529207963533431,0,1,111293,T,N,0,2538000000,1,4,24158,71515,NGG1
1611529207964949105,1611529207963533431,0,1,111294,T,A,0,2532000000,1,132,24158,71515,NGH1
1611529207972987322,1611529207963773347,0,1,111293,T,A,0,2538000000,1,4,18770,71518,NGG1
1611529208301367078,1611529208300000295,0,1,111293,T,N,0,2538000000,2,4,19666,71605,NGG1
1611529208301367078,1611529208300000295,0,1,111294,T,A,0,2532000000,4,4,19666,71605,NGH1
1611529208301367078,1611529208300000295,0,1,215880,T,N,0,6000000,2,4,19666,71605,NGG1-NGH1
1611529208302911658,1611529208301509685,0,1,215880,T,N,0,6000000,1,4,19162,71617,NGG1-NGH1
1611529208302911658,1611529208301509685,0,1,111294,T,A,0,2532000000,1,4,19162,71617,NGH1
1611529208302911658,1611529208301509685,0,1,111294,T,A,0,2531000000,2,4,19162,71617,NGH1
1611529208302911658,1611529208301509685,0,1,111293,T,N,0,2538000000,1,4,19162,71617,NGG1
1611529208549608337,1611529208547291703,0,1,111294,T,B,0,2532000000,2,4,20085,71745,NGH1
1611529208549608337,1611529208547291703,0,1,111294,T,B,0,2533000000,7,4,20085,71745,NGH1
1611529208549608337,1611529208547291703,0,1,111294,T,B,0,2534000000,1,4,20085,71745,NGH1
1611529208549608337,1611529208547291703,0,1,111296,T,N,0,2569000000,1,4,20085,71745,NGJ1
1611529208549608337,1611529208547291703,0,1,24512,T,N,0,-36000000,1,4,20085,71745,NGH1-NGJ1
1611529208727693587,1611529208726884805,0,1,111293,T,A,0,2537000000,1,4,18704,71851,NGG1
1611529208729549127,1611529208727702885,0,1,111294,T,A,0,2531000000,2,4,18281,71856,NGH1
1611529208794894561,1611529208793391169,0,1,111294,T,A,0,2530000000,4,4,18563,71904,NGH1
1611529208796407508,1611529208794926613,0,1,111294,T,A,0,2530000000,4,4,18313,71912,NGH1
1611529209011655519,1611529209011059069,0,1,111294,T,A,0,2530000000,2,4,18360,72020,NGH1
1611529209048871616,1611529209048292011,0,1,111294,T,A,0,2530000000,1,4,18547,72034,NGH1
1611529209049689178,1611529209049234323,0,1,111294,T,A,0,2530000000,1,4,17724,72038,NGH1
1611529209536584693,1611529209535747089,0,1,111294,T,N,0,2530000000,1,4,19273,72067,NGH1
1611529209536584693,1611529209535747089,0,1,24512,T,N,0,-37000000,1,4,19273,72067,NGH1-NGJ1
1611529209536584693,1611529209535747089,0,1,111296,T,A,0,2567000000,1,132,19273,72067,NGJ1
1611529209540761082,1611529209539036169,0,1,111298,T,N,0,2612000000,1,4,18967,72153,NGK1
1611529209540761082,1611529209539036169,0,1,111301,T,B,0,2747000000,1,132,18967,72153,NGN1
1611529209540761082,1611529209539036169,0,1,62811,T,N,0,-135000000,1,4,18967,72153,NGK1-NGN1
1611529209565709796,1611529209565193243,0,1,111293,T,A,0,2535000000,1,4,20947,72198,NGG1
1611529209597419024,1611529209596469521,0,1,111296,T,A,0,2565000000,1,132,19007,72238,NGJ1
1611529209597419024,1611529209596469521,0,1,24512,T,N,0,-37000000,1,4,19007,72238,NGH1-NGJ1
1611529209597419024,1611529209596469521,0,1,111294,T,N,0,2528000000,1,4,19007,72238,NGH1
1611529209630177791,1611529209629343503,0,1,121372,T,B,0,-64000000,1,4,18638,72300,NGK1-NGM1
1611529209758492265,1611529209757560045,0,1,15052,T,B,0,-26000000,1,4,18324,72341,NGN1-NGQ1
1611529209769474261,1611529209760959953,0,1,111294,T,N,0,2528000000,1,4,18845,72344,NGH1
1611529209769474261,1611529209760959953,0,1,111293,T,B,0,2534000000,1,132,18845,72344,NGG1
1611529209769474261,1611529209760959953,0,1,215880,T,N,0,6000000,1,4,18845,72344,NGG1-NGH1
1611529210022119724,1611529210021543003,0,1,111293,T,B,0,2535000000,3,4,18514,72481,NGG1
1611529210125388382,1611529210124690227,0,1,111293,T,B,0,2534000000,1,132,18808,72527,NGG1
1611529210125388382,1611529210124690227,0,1,215880,T,N,0,6000000,1,4,18808,72527,NGG1-NGH1
1611529210125388382,1611529210124690227,0,1,111294,T,N,0,2528000000,1,4,18808,72527,NGH1
1611529210126054344,1611529210125453345,0,1,111294,T,A,0,2527000000,1,4,19218,72530,NGH1
1611529210236286136,1611529210235692031,0,1,111294,T,B,0,2528000000,4,4,18818,72547,NGH1
1611529210236955774,1611529210236082747,0,1,111293,T,N,0,2535000000,1,4,20217,72551,NGG1
1611529210236955774,1611529210236082747,0,1,111296,T,B,0,2566000000,2,4,20217,72551,NGJ1
1611529210236955774,1611529210236082747,0,1,24463,T,N,0,-31000000,1,4,20217,72551,NGG1-NGJ1
1611529210366680552,1611529210365402907,0,1,111293,T,N,0,2533000000,1,4,20728,72650,NGG1
1611529210366680552,1611529210365402907,0,1,111294,T,A,0,2527000000,3,4,20728,72650,NGH1
1611529210366680552,1611529210365402907,0,1,111294,T,A,0,2526000000,1,4,20728,72650,NGH1
1611529210366680552,1611529210365402907,0,1,215880,T,N,0,6000000,1,4,20728,72650,NGG1-NGH1
1611529210540409501,1611529210539481155,0,1,24512,T,A,0,-39000000,3,4,21815,72755,NGH1-NGJ1
1611529211030329990,1611529211029664815,0,1,111293,T,A,0,2532000000,1,4,18668,72864,NGG1
1611529211161064781,1611529211160503433,0,1,111294,T,A,0,2527000000,1,4,18991,72902,NGH1
1611529211356832077,1611529211347559035,0,1,24512,T,A,0,-39000000,10,4,19084,72934,NGH1-NGJ1
1611529211356832077,1611529211347559035,0,1,215880,T,N,0,5000000,1,4,19084,72934,NGG1-NGH1
1611529211356832077,1611529211347559035,0,1,26953,T,N,0,44000000,1,4,19084,72934,NG:BF G1-H1-J1
1611529211357659499,1611529211356844305,0,1,24512,T,A,0,-39000000,1,4,19044,72939,NGH1-NGJ1
1611529211358046672,1611529211356846601,0,1,24512,T,A,0,-39000000,2,4,18906,72941,NGH1-NGJ1
1611529211361305167,1611529211359854213,0,1,111294,T,B,0,2529000000,5,4,18738,73016,NGH1
1611529211362716806,1611529211361589133,0,1,111301,T,N,0,2746000000,1,4,19898,73051,NGN1
1611529211362716806,1611529211361589133,0,1,111313,T,A,0,2844000000,1,132,19898,73051,NGX1
1611529211362716806,1611529211361589133,0,1,209623,T,N,0,-98000000,1,4,19898,73051,NGN1-NGX1
1611529211363874589,1611529211362712935,0,1,111303,T,B,0,2773000000,1,132,18651,73077,NGQ1
1611529211363874589,1611529211362712935,0,1,158324,T,N,0,-203000000,1,4,18651,73077,NGQ1-NGZ1
1611529211363874589,1611529211362712935,0,1,111314,T,N,0,2976000000,1,4,18651,73077,NGZ1
1611529211364421578,1611529211363540985,0,1,209631,T,B,0,-62000000,1,4,18225,73093,NGV1-NGX1
1611529211367181548,1611529211366527527,0,1,282784,T,B,0,10000000,1,4,18687,73116,NGQ1-NGU1
1611529211367581852,1611529211366527819,0,1,41958,T,B,0,-25000000,1,4,18844,73118,NGU1-NGV1
1611529211542913776,1611529211542119435,0,1,24512,T,A,0,-40000000,1,4,19101,73172,NGH1-NGJ1
1611529211543549146,1611529211542924583,0,1,24512,T,A,0,-40000000,1,4,18665,73174,NGH1-NGJ1
1611529211575362379,1611529211574464091,0,1,24512,T,A,0,-40000000,1,132,19317,73193,NGH1-NGJ1
1611529211575362379,1611529211574464091,0,1,26953,T,N,0,45000000,1,4,19317,73193,NG:BF G1-H1-J1
1611529211575362379,1611529211574464091,0,1,215880,T,N,0,5000000,1,4,19317,73193,NGG1-NGH1
1611529211799397964,1611529211798593811,0,1,24512,T,B,0,-39000000,2,4,19083,73243,NGH1-NGJ1
1611529211928371832,1611529211925481185,0,1,111293,T,A,0,2532000000,6,4,18455,73262,NGG1
1611529211930385016,1611529211929572411,0,1,111294,T,B,0,2528000000,1,4,18594,73306,NGH1
1611529211988088281,1611529211987139971,0,1,24512,T,B,0,-39000000,5,4,18932,73333,NGH1-NGJ1
1611529212015816465,1611529212014663949,0,1,24512,T,A,0,-40000000,1,4,18855,73408,NGH1-NGJ1
1611529212064726873,1611529212064136401,0,1,111294,T,A,0,2527000000,1,4,18409,73446,NGH1
1611529212278327445,1611529212277826593,0,1,111294,T,B,0,2527000000,1,4,18291,73484,NGH1
1611529213040286412,1611529213039829365,0,1,111296,T,A,0,2565000000,1,4,18416,73601,NGJ1
1611529213444991504,1611529213443180851,0,1,111296,T,N,0,2567000000,1,4,20481,73641,NGJ1
1611529213444991504,1611529213443180851,0,1,111294,T,B,0,2528000000,3,4,20481,73641,NGH1
1611529213444991504,1611529213443180851,0,1,24512,T,N,0,-39000000,1,4,20481,73641,NGH1-NGJ1
1611529213444991504,1611529213443180851,0,1,111293,T,N,0,2533000000,1,4,20481,73641,NGG1
1611529213444991504,1611529213443180851,0,1,215880,T,N,0,5000000,1,4,20481,73641,NGG1-NGH1
1611529213448155250,1611529213446117357,0,1,215880,T,A,0,5000000,2,4,19092,73674,NGG1-NGH1
1611529213724404186,1611529213723614297,0,1,111293,T,B,0,2535000000,1,4,18782,73736,NGG1
1611529213882012897,1611529213880509987,0,1,111293,T,N,0,2533000000,2,4,20508,73741,NGG1
1611529213882012897,1611529213880509987,0,1,215880,T,N,0,6000000,2,4,20508,73741,NGG1-NGH1
1611529213882012897,1611529213880509987,0,1,111294,T,A,0,2527000000,5,4,20508,73741,NGH1
1611529213957048607,1611529213956552491,0,1,111294,T,A,0,2527000000,1,4,18611,73830,NGH1
1611529213957711140,1611529213957115821,0,1,111294,T,A,0,2526000000,1,4,23704,73838,NGH1
1611529214173168614,1611529214172571749,0,1,111294,T,A,0,2526000000,1,4,18301,73876,NGH1
1611529214267244747,1611529214266677469,0,1,111294,T,A,0,2526000000,1,4,18775,73880,NGH1
1611529214273924761,1611529214267402969,0,1,111294,T,B,0,2526000000,3,4,17859,73887,NGH1
1611529214274439634,1611529214267430543,0,1,111294,T,B,0,2526000000,1,4,19231,73899,NGH1
1611529214275126552,1611529214274585315,0,1,111294,T,B,0,2526000000,1,4,18328,73919,NGH1
1611529214307405420,1611529214306962601,0,1,111293,T,B,0,2534000000,1,4,18989,73930,NGG1
1611529214376941093,1611529214375855647,0,1,24512,T,B,0,-39000000,5,4,19025,73936,NGH1-NGJ1
1611529214644323684,1611529214643725329,0,1,24512,T,A,0,-39000000,1,4,18813,74049,NGH1-NGJ1
1611529214645907860,1611529214644334011,0,1,24512,T,A,0,-39000000,1,4,19708,74052,NGH1-NGJ1
1611529214646438177,1611529214644398183,0,1,24512,T,A,0,-39000000,4,4,26503,74053,NGH1-NGJ1
1611529214652252833,1611529214651386239,0,1,111293,T,N,0,2531000000,1,4,19326,74071,NGG1
1611529214652252833,1611529214651386239,0,1,111294,T,B,0,2527000000,1,132,19326,74071,NGH1
1611529214652252833,1611529214651386239,0,1,215880,T,N,0,4000000,1,4,19326,74071,NGG1-NGH1
1611529214758232464,1611529214757465295,0,1,111294,T,N,0,2527000000,1,4,20688,74120,NGH1
1611529214758232464,1611529214757465295,0,1,61550,T,N,0,5500000,1,4,20688,74120,NGH1-HHH1
1611529214839736894,1611529214838381513,0,1,111294,T,B,0,2527000000,5,4,21855,74134,NGH1
1611529214839736894,1611529214838381513,0,1,215880,T,N,0,4000000,4,4,21855,74134,NGG1-NGH1
1611529214839736894,1611529214838381513,0,1,111293,T,N,0,2531000000,4,4,21855,74134,NGG1
1611529214848750761,1611529214848188951,0,1,111294,T,B,0,2528000000,2,4,18660,74166,NGH1
1611529214850105396,1611529214848912827,0,1,111294,T,A,0,2528000000,1,4,18579,74184,NGH1
1611529215117025235,1611529215116439231,0,1,111294,T,A,0,2526000000,1,4,18610,74241,NGH1
1611529215117452732,1611529215116456293,0,1,24512,T,B,0,-38000000,1,4,19009,74243,NGH1-NGJ1
1611529215295415931,1611529215248299607,0,1,111294,T,A,0,2526000000,1,4,18040,74400,NGH1
1611529215299646348,1611529215296609663,0,1,19540,T,A,0,-288000000,2,4,18441,74492,NGV1-NGF2
1611529215301208068,1611529215300211259,0,1,111313,T,A,0,2844000000,1,132,19862,74524,NGX1
1611529215301208068,1611529215300211259,0,1,111298,T,N,0,2611000000,1,4,19862,74524,NGK1
1611529215301208068,1611529215300211259,0,1,209615,T,N,0,-233000000,1,4,19862,74524,NGK1-NGX1
1611529215302057082,1611529215300220073,0,1,111314,T,N,0,2977000000,1,4,20032,74540,NGZ1
1611529215302057082,1611529215300220073,0,1,111301,T,B,0,2745000000,1,132,20032,74540,NGN1
1611529215302057082,1611529215300220073,0,1,159603,T,N,0,-232000000,1,4,20032,74540,NGN1-NGZ1
1611529215455006103,1611529215454327121,0,1,111314,T,A,0,2976000000,1,132,28229,74615,NGZ1
1611529215455006103,1611529215454327121,0,1,111299,T,N,0,2675000000,1,4,28229,74615,NGM1
1611529215455006103,1611529215454327121,0,1,158436,T,N,0,-301000000,1,4,28229,74615,NGM1-NGZ1
1611529215500723742,1611529215500220477,0,1,111301,T,B,0,2747000000,1,4,18649,74685,NGN1
1611529215700997094,1611529215700222067,0,1,111301,T,B,0,2745000000,1,132,19348,74796,NGN1
1611529215700997094,1611529215700222067,0,1,111314,T,N,0,2977000000,1,4,19348,74796,NGZ1
1611529215700997094,1611529215700222067,0,1,159603,T,N,0,-232000000,1,4,19348,74796,NGN1-NGZ1
1611529215702359493,1611529215701486215,0,1,111314,T,N,0,2977000000,1,4,19641,74806,NGZ1
1611529215702359493,1611529215701486215,0,1,111311,T,B,0,2784000000,1,132,19641,74806,NGV1
1611529215702359493,1611529215701486215,0,1,158328,T,N,0,-193000000,1,4,19641,74806,NGV1-NGZ1
1611529215729362868,1611529215728590331,0,1,24512,T,B,0,-39000000,1,4,18570,74812,NGH1-NGJ1
1611529215730020361,1611529215729373097,0,1,24512,T,A,0,-39000000,5,4,18745,74814,NGH1-NGJ1
1611529215764630260,1611529215763601377,0,1,111293,T,A,0,2530000000,1,4,18345,74862,NGG1
1611529215764662032,1611529215763601377,0,1,111293,T,A,0,2529000000,1,4,18865,74863,NGG1
1611529215764662032,1611529215763601377,0,1,111294,T,N,0,2525000000,1,4,18865,74863,NGH1
1611529215764662032,1611529215763601377,0,1,215880,T,N,0,4000000,1,4,18865,74863,NGG1-NGH1
1611529215765238838,1611529215764675259,0,1,111294,T,A,0,2525000000,2,4,18696,74870,NGH1
1611529215796506922,1611529215795652539,0,1,111294,T,N,0,2525000000,2,4,19413,74994,NGH1
1611529215796506922,1611529215795652539,0,1,215880,T,N,0,4000000,2,4,19413,74994,NGG1-NGH1
1611529215796506922,1611529215795652539,0,1,111293,T,A,0,2529000000,2,4,19413,74994,NGG1
1611529215901032129,1611529215900223523,0,1,111314,T,N,0,2977000000,1,4,19063,75095,NGZ1
1611529215901032129,1611529215900223523,0,1,159603,T,N,0,-232000000,1,4,19063,75095,NGN1-NGZ1
1611529215901032129,1611529215900223523,0,1,111301,T,B,0,2745000000,1,132,19063,75095,NGN1
1611529216242655574,1611529216242151537,0,1,111293,T,A,0,2528000000,1,4,18563,75146,NGG1
1611529216252811728,1611529216250615775,0,1,111293,T,N,0,2528000000,2,4,21828,75149,NGG1
1611529216252811728,1611529216250615775,0,1,111293,T,N,0,2526000000,1,4,21828,75149,NGG1
1611529216252811728,1611529216250615775,0,1,215880,T,N,0,5000000,3,4,21828,75149,NGG1-NGH1
1611529216252811728,1611529216250615775,0,1,111294,T,A,0,2523000000,4,4,21828,75149,NGH1
1611529216252811728,1611529216250615775,0,1,111294,T,A,0,2522000000,3,4,21828,75149,NGH1
1611529216252811728,1611529216250615775,0,1,111294,T,A,0,2521000000,4,4,21828,75149,NGH1
1611529216252811728,1611529216250615775,0,1,111294,T,A,0,2520000000,1,4,21828,75149,NGH1
1611529216252811728,1611529216250615775,0,1,24512,T,N,0,-39000000,2,4,21828,75149,NGH1-NGJ1
1611529216252811728,1611529216250615775,0,1,111296,T,N,0,2561000000,1,4,21828,75149,NGJ1
1611529216252811728,1611529216250615775,0,1,111296,T,N,0,2560000000,1,4,21828,75149,NGJ1
1611529216378339653,1611529216377728231,0,1,111294,T,A,0,2523000000,2,4,18445,75343,NGH1
1611529216427538435,1611529216427089065,0,1,111293,T,A,0,2528000000,2,4,18126,75367,NGG1
1611529216454034879,1611529216453620181,0,1,111293,T,B,0,2528000000,1,4,18519,75421,NGG1
1611529216683395304,1611529216682901949,0,1,111294,T,B,0,2523000000,6,4,18689,75487,NGH1
1611529216691535545,1611529216682932347,0,1,111294,T,B,0,2523000000,1,4,18335,75499,NGH1
1611529216691985426,1611529216684167355,0,1,111294,T,B,0,2524000000,7,4,18992,75513,NGH1
1611529216691985426,1611529216684167355,0,1,111294,T,B,0,2525000000,1,4,18992,75513,NGH1
1611529216691985426,1611529216684167355,0,1,111293,T,N,0,2528000000,7,4,18992,75513,NGG1
1611529216691985426,1611529216684167355,0,1,215880,T,N,0,4000000,7,4,18992,75513,NGG1-NGH1
1611529216843424135,1611529216842922323,0,1,111294,T,A,0,2523000000,1,4,18226,75593,NGH1
1611529217000209308,1611529216999485337,0,1,111293,T,B,0,2528000000,4,4,19655,75610,NGG1
1611529217000209308,1611529216999485337,0,1,111293,T,B,0,2529000000,1,4,19655,75610,NGG1
1611529217000209308,1611529216999485337,0,1,111293,T,B,0,2530000000,2,4,19655,75610,NGG1
1611529217162048435,1611529217161507651,0,1,111294,T,B,0,2525000000,4,4,18984,75647,NGH1
1611529217162818457,1611529217162200667,0,1,111294,T,A,0,2525000000,1,4,18067,75664,NGH1
1611529217200824339,1611529217199480347,0,1,111294,T,N,0,2523000000,3,4,20357,75756,NGH1
1611529217200824339,1611529217199480347,0,1,111293,T,A,0,2527000000,3,4,20357,75756,NGG1
1611529217200824339,1611529217199480347,0,1,111293,T,A,0,2526000000,1,4,20357,75756,NGG1
1611529217200824339,1611529217199480347,0,1,215880,T,N,0,4000000,3,4,20357,75756,NGG1-NGH1
1611529217332253592,1611529217330790453,0,1,111296,T,B,0,2562000000,1,4,20025,75813,NGJ1
1611529217833599064,1611529217832089425,0,1,204979,T,A,0,-47000000,10,4,18712,75898,NGJ1-NGK1
1611529217835137267,1611529217833671965,0,1,204979,T,A,0,-47000000,1,4,18646,75935,NGJ1-NGK1
1611529217998895683,1611529217998039425,0,1,111294,T,A,0,2523000000,2,4,18573,76005,NGH1
1611529218002179198,1611529217999124855,0,1,111294,T,B,0,2523000000,4,4,18565,76013,NGH1
1611529218002642339,1611529217999156371,0,1,111294,T,B,0,2523000000,1,4,18694,76026,NGH1
1611529218003080676,1611529217999355123,0,1,111294,T,B,0,2524000000,1,4,20290,76036,NGH1
1611529218003080676,1611529217999355123,0,1,111294,T,B,0,2525000000,1,4,20290,76036,NGH1
1611529218003080676,1611529217999355123,0,1,111294,T,B,0,2526000000,5,4,20290,76036,NGH1
1611529218003080676,1611529217999355123,0,1,111294,T,B,0,2527000000,1,4,20290,76036,NGH1
1611529218003080676,1611529217999355123,0,1,111296,T,N,0,2564000000,1,4,20290,76036,NGJ1
1611529218003080676,1611529217999355123,0,1,215880,T,N,0,4000000,1,4,20290,76036,NGG1-NGH1
1611529218003080676,1611529217999355123,0,1,111293,T,N,0,2528000000,1,4,20290,76036,NGG1
1611529218003080676,1611529217999355123,0,1,24512,T,N,0,-38000000,1,4,20290,76036,NGH1-NGJ1
1611529218097007303,1611529218096172459,0,1,215880,T,B,0,5000000,4,4,18652,76132,NGG1-NGH1
1611529218115614127,1611529218115168005,0,1,111294,T,B,0,2524000000,1,4,19028,76209,NGH1
1611529218133710606,1611529218133048899,0,1,111294,T,B,0,2525000000,1,4,21571,76232,NGH1
1611529218133710606,1611529218133048899,0,1,111294,T,B,0,2526000000,1,4,21571,76232,NGH1
1611529218549810032,1611529218549202561,0,1,111294,T,B,0,2524000000,1,4,19020,76303,NGH1
1611529218870047524,1611529218869483217,0,1,111294,T,A,0,2523000000,1,4,20232,76358,NGH1
1611529218894334868,1611529218893395021,0,1,111294,T,A,0,2522000000,3,4,19935,76373,NGH1
1611529218894334868,1611529218893395021,0,1,215880,T,N,0,6000000,1,4,19935,76373,NGG1-NGH1
1611529218894334868,1611529218893395021,0,1,111293,T,N,0,2528000000,1,4,19935,76373,NGG1
1611529219110931495,1611529219110548235,0,1,111293,T,A,0,2529000000,1,4,20099,76429,NGG1
1611529219111962441,1611529219111303501,0,1,111294,T,B,0,2523000000,1,4,17653,76446,NGH1
1611529219516663727,1611529219515915193,0,1,111294,T,B,0,2524000000,1,4,19253,76527,NGH1
1611529219893430528,1611529219892553479,0,1,111294,T,N,0,2522000000,1,4,20472,76604,NGH1
1611529219893430528,1611529219892553479,0,1,111293,T,A,0,2527000000,1,132,20472,76604,NGG1
1611529219893430528,1611529219892553479,0,1,215880,T,N,0,5000000,1,4,20472,76604,NGG1-NGH1
1611529220076202982,1611529220075437307,0,1,24512,T,B,0,-38000000,1,4,19210,76682,NGH1-NGJ1
1611529220076836932,1611529220076214559,0,1,24512,T,A,0,-38000000,1,4,25630,76684,NGH1-NGJ1
1611529220470672396,1611529220470065795,0,1,111294,T,B,0,2525000000,1,4,19881,76750,NGH1
1611529220541558446,1611529220540656075,0,1,111294,T,N,0,2523000000,1,4,25313,76768,NGH1
1611529220541558446,1611529220540656075,0,1,215880,T,N,0,5000000,1,4,25313,76768,NGG1-NGH1
1611529220541558446,1611529220540656075,0,1,111293,T,A,0,2529000000,1,4,25313,76768,NGG1
1611529220541558446,1611529220540656075,0,1,111293,T,A,0,2528000000,1,4,25313,76768,NGG1
1611529220559664053,1611529220558662235,0,1,111293,T,A,0,2528000000,1,4,21090,76820,NGG1
1611529220559664053,1611529220558662235,0,1,111293,T,A,0,2527000000,1,4,21090,76820,NGG1
1611529220559664053,1611529220558662235,0,1,111293,T,A,0,2526000000,1,4,21090,76820,NGG1
1611529220559664053,1611529220558662235,0,1,215880,T,N,0,5000000,1,4,21090,76820,NGG1-NGH1
1611529220559664053,1611529220558662235,0,1,111294,T,N,0,2523000000,1,4,21090,76820,NGH1
1611529220741844595,1611529220741106107,0,1,111294,T,B,0,2523000000,1,4,19000,76972,NGH1
1611529220746009368,1611529220741727411,0,1,111294,T,N,0,2522000000,1,4,19796,76980,NGH1
1611529220746009368,1611529220741727411,0,1,215880,T,N,0,5000000,1,4,19796,76980,NGG1-NGH1
1611529220746009368,1611529220741727411,0,1,111293,T,A,0,2527000000,1,132,19796,76980,NGG1
1611529220945487688,1611529220944705501,0,1,215880,T,B,0,6000000,1,4,20328,77007,NGG1-NGH1
1611529221021736977,1611529221021041087,0,1,111314,T,N,0,2974000000,1,4,19487,77015,NGZ1
1611529221021736977,1611529221021041087,0,1,158324,T,N,0,-206000000,1,4,19487,77015,NGQ1-NGZ1
1611529221021736977,1611529221021041087,0,1,111303,T,B,0,2768000000,1,132,19487,77015,NGQ1
1611529221087691572,1611529221086789563,0,1,215880,T,N,0,5000000,1,4,19351,77060,NGG1-NGH1
1611529221087691572,1611529221086789563,0,1,111293,T,N,0,2530000000,1,4,19351,77060,NGG1
1611529221087691572,1611529221086789563,0,1,111294,T,B,0,2524000000,1,4,19351,77060,NGH1
1611529221087691572,1611529221086789563,0,1,111294,T,B,0,2525000000,1,4,19351,77060,NGH1
1611529221440085752,1611529221439166359,0,1,111294,T,B,0,2524000000,1,4,18228,77178,NGH1
1611529222154652481,1611529222154183709,0,1,111294,T,A,0,2523000000,1,4,19262,77255,NGH1
1611529222192657706,1611529222192137503,0,1,111294,T,A,0,2522000000,1,4,18515,77281,NGH1
1611529222401871898,1611529222399129785,0,1,111294,T,A,0,2523000000,2,4,23025,77320,NGH1
1611529222401871898,1611529222399129785,0,1,111294,T,A,0,2522000000,3,4,23025,77320,NGH1
1611529222401871898,1611529222399129785,0,1,111294,T,A,0,2521000000,5,4,23025,77320,NGH1
1611529222401871898,1611529222399129785,0,1,111294,T,A,0,2520000000,10,4,23025,77320,NGH1
1611529222401871898,1611529222399129785,0,1,111293,T,N,0,2528000000,2,4,23025,77320,NGG1
1611529222401871898,1611529222399129785,0,1,111293,T,N,0,2526000000,2,4,23025,77320,NGG1
1611529222401871898,1611529222399129785,0,1,215880,T,N,0,6000000,1,4,23025,77320,NGG1-NGH1
1611529222401871898,1611529222399129785,0,1,24512,T,N,0,-39000000,1,4,23025,77320,NGH1-NGJ1
1611529222401871898,1611529222399129785,0,1,111296,T,N,0,2561000000,1,4,23025,77320,NGJ1
1611529222401871898,1611529222399129785,0,1,111296,T,N,0,2560000000,1,4,23025,77320,NGJ1
1611529222401871898,1611529222399129785,0,1,111296,T,N,0,2559000000,2,4,23025,77320,NGJ1
1611529222401871898,1611529222399129785,0,1,26953,T,N,0,44000000,3,4,23025,77320,NG:BF G1-H1-J1
1611529222880271510,1611529222879329495,0,1,121372,T,B,0,-64000000,1,4,18473,77575,NGK1-NGM1
1611529223008078459,1611529223007416763,0,1,15052,T,B,0,-26000000,1,4,18856,77588,NGN1-NGQ1
1611529223055730751,1611529223054422877,0,1,215880,T,N,0,6000000,4,4,19714,77594,NGG1-NGH1
1611529223055730751,1611529223054422877,0,1,111293,T,B,0,2531000000,5,4,19714,77594,NGG1
1611529223055730751,1611529223054422877,0,1,111294,T,N,0,2525000000,4,4,19714,77594,NGH1
1611529223061074775,1611529223060408025,0,1,111294,T,A,0,2523000000,2,4,18366,77643,NGH1
1611529223619664312,1611529223618623569,0,1,111294,T,A,0,2523000000,2,4,19433,77770,NGH1
1611529223619664312,1611529223618623569,0,1,111293,T,N,0,2529000000,1,4,19433,77770,NGG1
1611529223619664312,1611529223618623569,0,1,215880,T,N,0,6000000,1,4,19433,77770,NGG1-NGH1
1611529224057851726,1611529224057059899,0,1,111296,T,A,0,2560000000,1,4,18528,77863,NGJ1
1611529224985754743,1611529224985231087,0,1,111294,T,A,0,2522000000,1,4,22688,77920,NGH1
1611529225206687173,1611529225206170679,0,1,111293,T,B,0,2531000000,1,4,18752,77948,NGG1
1611529225536206014,1611529225534870073,0,1,111294,T,B,0,2525000000,5,4,19990,77968,NGH1
1611529225536206014,1611529225534870073,0,1,111296,T,N,0,2563000000,1,4,19990,77968,NGJ1
1611529225536206014,1611529225534870073,0,1,24512,T,N,0,-38000000,1,4,19990,77968,NGH1-NGJ1
1611529225537139664,1611529225536244989,0,1,111294,T,A,0,2525000000,1,4,18853,77983,NGH1
1611529225537435309,1611529225536340989,0,1,111294,T,A,0,2525000000,1,4,28804,77991,NGH1
1611529225539662597,1611529225538292237,0,1,111294,T,A,0,2525000000,1,4,18869,78011,NGH1
1611529226717864716,1611529226716802455,0,1,215880,T,B,0,6000000,7,4,27856,78137,NGG1-NGH1
1611529226718756854,1611529226717998527,0,1,215880,T,B,0,6000000,1,4,19112,78151,NGG1-NGH1
1611529226720122001,1611529226718726329,0,1,215880,T,B,0,6000000,3,4,19901,78156,NGG1-NGH1
1611529226720122001,1611529226718726329,0,1,24512,T,N,0,-38000000,1,4,19901,78156,NGH1-NGJ1
1611529226720122001,1611529226718726329,0,1,26953,T,N,0,44000000,1,4,19901,78156,NG:BF G1-H1-J1
1611529227192507413,1611529227191379643,0,1,111314,T,N,0,2975000000,1,4,19603,78194,NGZ1
1611529227192507413,1611529227191379643,0,1,111301,T,B,0,2743000000,1,132,19603,78194,NGN1
1611529227192507413,1611529227191379643,0,1,159603,T,N,0,-232000000,1,4,19603,78194,NGN1-NGZ1
1611529227192562233,1611529227191381737,0,1,111314,T,N,0,2975000000,1,4,24491,78195,NGZ1
1611529227192562233,1611529227191381737,0,1,158436,T,N,0,-301000000,1,4,24491,78195,NGM1-NGZ1
1611529227192562233,1611529227191381737,0,1,111299,T,B,0,2674000000,1,132,24491,78195,NGM1
1611529227193007790,1611529227192548335,0,1,111314,T,B,0,2975000000,2,4,18286,78199,NGZ1
1611529227392999080,1611529227391381561,0,1,111314,T,N,0,2975000000,1,4,18749,78227,NGZ1
1611529227392999080,1611529227391381561,0,1,159603,T,N,0,-232000000,1,4,18749,78227,NGN1-NGZ1
1611529227392999080,1611529227391381561,0,1,111301,T,B,0,2743000000,1,132,18749,78227,NGN1
1611529227480293748,1611529227479757845,0,1,111293,T,B,0,2530000000,1,4,18393,78269,NGG1
1611529227950016254,1611529227948790043,0,1,215880,T,A,0,6000000,2,4,19651,78754,NGG1-NGH1
1611529227950016254,1611529227948790043,0,1,215880,T,A,0,5000000,6,4,19651,78754,NGG1-NGH1
1611529228677734947,1611529228676502683,0,1,215880,T,A,0,6000000,6,4,19703,78899,NGG1-NGH1
1611529228864131083,1611529228863511815,0,1,111294,T,A,0,2523000000,1,4,19506,78909,NGH1
1611529228970677396,1611529228969891973,0,1,215880,T,B,0,7000000,5,4,19000,78958,NGG1-NGH1
1611529229579239330,1611529229577812373,0,1,215880,T,N,0,7000000,1,4,20820,79133,NGG1-NGH1
1611529229579239330,1611529229577812373,0,1,111294,T,A,0,2522000000,3,4,20820,79133,NGH1
1611529229579239330,1611529229577812373,0,1,111294,T,A,0,2521000000,1,4,20820,79133,NGH1
1611529229579239330,1611529229577812373,0,1,111293,T,N,0,2529000000,1,4,20820,79133,NGG1
1611529229579239330,1611529229577812373,0,1,111293,T,N,0,2528000000,1,4,20820,79133,NGG1
1611529229579239330,1611529229577812373,0,1,26953,T,N,0,45000000,1,4,20820,79133,NG:BF G1-H1-J1
1611529229579239330,1611529229577812373,0,1,111296,T,N,0,2560000000,1,4,20820,79133,NGJ1
1611529230407992168,1611529230406978465,0,1,111314,T,A,0,2975000000,1,4,25445,79431,NGZ1
1611529230407992168,1611529230406978465,0,1,111313,T,N,0,2843000000,1,4,25445,79431,NGX1
1611529230407992168,1611529230406978465,0,1,158336,T,N,0,-132000000,1,4,25445,79431,NGX1-NGZ1
1611529230412108805,1611529230411053195,0,1,15052,T,B,0,-26000000,10,4,18321,79555,NGN1-NGQ1
1611529230492577302,1611529230492034287,0,1,111293,T,B,0,2530000000,1,4,18592,79809,NGG1
1611529230617771151,1611529230617210127,0,1,111294,T,B,0,2522000000,1,4,18261,79899,NGH1
1611529230631912049,1611529230628973023,0,1,111294,T,A,0,2521000000,1,4,18908,79914,NGH1
1611529230631912049,1611529230628973023,0,1,111294,T,A,0,2520000000,1,4,18908,79914,NGH1
1611529231375423183,1611529231373922319,0,1,111294,T,N,0,2521000000,1,4,19289,80064,NGH1
1611529231375423183,1611529231373922319,0,1,111293,T,A,0,2528000000,1,4,19289,80064,NGG1
1611529231375423183,1611529231373922319,0,1,111293,T,A,0,2527000000,1,4,19289,80064,NGG1
1611529231375423183,1611529231373922319,0,1,215880,T,N,0,6000000,1,4,19289,80064,NGG1-NGH1
1611529231378369426,1611529231375567623,0,1,111293,T,B,0,2527000000,3,4,17945,80077,NGG1
1611529231383213468,1611529231381879873,0,1,111294,T,B,0,2522000000,1,4,20477,80153,NGH1
1611529231383213468,1611529231381879873,0,1,111294,T,B,0,2523000000,4,4,20477,80153,NGH1
1611529231383213468,1611529231381879873,0,1,111296,T,N,0,2560000000,1,4,20477,80153,NGJ1
1611529231383213468,1611529231381879873,0,1,24512,T,N,0,-38000000,1,4,20477,80153,NGH1-NGJ1
1611529231383213468,1611529231381879873,0,1,111311,T,N,0,2782000000,1,4,20477,80153,NGV1
1611529231383213468,1611529231381879873,0,1,41598,T,N,0,-259000000,1,4,20477,80153,NGH1-NGV1
1611529231713917166,1611529231713011131,0,1,111294,T,N,0,2521000000,2,4,19164,80397,NGH1
1611529231713917166,1611529231713011131,0,1,111293,T,A,0,2527000000,2,132,19164,80397,NGG1
1611529231713917166,1611529231713011131,0,1,215880,T,N,0,6000000,2,4,19164,80397,NGG1-NGH1
1611529232070448390,1611529232068412743,0,1,111311,T,N,0,2782000000,1,4,21979,80564,NGV1
1611529232070448390,1611529232068412743,0,1,111296,T,N,0,2562000000,3,4,21979,80564,NGJ1
1611529232070448390,1611529232068412743,0,1,111299,T,N,0,2674000000,1,4,21979,80564,NGM1
1611529232070448390,1611529232068412743,0,1,121372,T,N,0,-64000000,1,4,21979,80564,NGK1-NGM1
1611529232070448390,1611529232068412743,0,1,111303,T,N,0,2768000000,1,4,21979,80564,NGQ1
1611529232070448390,1611529232068412743,0,1,204979,T,N,0,-48000000,3,4,21979,80564,NGJ1-NGK1
1611529232070448390,1611529232068412743,0,1,111298,T,B,0,2609000000,2,4,21979,80564,NGK1
1611529232070448390,1611529232068412743,0,1,111298,T,B,0,2610000000,6,4,21979,80564,NGK1
1611529232070448390,1611529232068412743,0,1,10725,T,N,0,-158000000,1,4,21979,80564,NGK1-NGQ1
1611529232070448390,1611529232068412743,0,1,41756,T,N,0,-173000000,1,4,21979,80564,NGK1-NGV1
1611529232070448390,1611529232068412743,0,1,111305,T,N,0,2757000000,1,4,21979,80564,NGU1
1611529232070448390,1611529232068412743,0,1,282762,T,N,0,-148000000,1,4,21979,80564,NGK1-NGU1
1611529232072481663,1611529232068559811,0,1,215880,T,N,0,6000000,1,4,20666,80580,NGG1-NGH1
1611529232072481663,1611529232068559811,0,1,111293,T,N,0,2530000000,1,4,20666,80580,NGG1
1611529232072481663,1611529232068559811,0,1,111294,T,B,0,2523000000,4,4,20666,80580,NGH1
1611529232072481663,1611529232068559811,0,1,111294,T,B,0,2524000000,4,4,20666,80580,NGH1
1611529232072815408,1611529232068592175,0,1,111293,T,B,0,2530000000,1,4,24403,80585,NGG1
1611529232072815408,1611529232068592175,0,1,111293,T,B,0,2531000000,2,4,24403,80585,NGG1
1611529232072815408,1611529232068592175,0,1,111293,T,B,0,2532000000,4,4,24403,80585,NGG1
1611529232074223226,1611529232070261501,0,1,307493,T,B,0,153000000,1,4,18026,80611,NGG2-NGH2
1611529232074286059,1611529232070264071,0,1,126661,T,B,0,59000000,5,4,19326,80613,NGF2-NGG2
1611529232074286059,1611529232070264071,0,1,126661,T,B,0,60000000,1,4,19326,80613,NGF2-NGG2
1611529232074330447,1611529232070266553,0,1,111314,T,B,0,2975000000,2,4,18078,80615,NGZ1
1611529232276598587,1611529232274421535,0,1,111314,T,A,0,2973000000,1,4,19171,81529,NGZ1
1611529232276598587,1611529232274421535,0,1,158336,T,N,0,-131000000,1,4,19171,81529,NGX1-NGZ1
1611529232276598587,1611529232274421535,0,1,111313,T,N,0,2842000000,1,4,19171,81529,NGX1
1611529234086546601,1611529234085788399,0,1,111294,T,A,0,2522000000,2,4,20673,82071,NGH1
1611529234339831221,1611529234338020145,0,1,111294,T,A,0,2522000000,2,4,28639,82136,NGH1
1611529234339831221,1611529234338020145,0,1,111294,T,A,0,2521000000,8,4,28639,82136,NGH1
1611529234339831221,1611529234338020145,0,1,111293,T,N,0,2528000000,2,4,28639,82136,NGG1
1611529234339831221,1611529234338020145,0,1,215880,T,N,0,7000000,2,4,28639,82136,NGG1-NGH1
1611529234339831221,1611529234338020145,0,1,111296,T,N,0,2560000000,1,4,28639,82136,NGJ1
1611529234339831221,1611529234338020145,0,1,24512,T,N,0,-39000000,1,4,28639,82136,NGH1-NGJ1
1611529234340889051,1611529234339876793,0,1,111294,T,B,0,2521000000,1,4,21832,82161,NGH1
1611529234390612943,1611529234390048287,0,1,111294,T,B,0,2521000000,2,4,19741,82563,NGH1
1611529235223682028,1611529235222937003,0,1,111294,T,A,0,2520000000,3,4,18508,82740,NGH1
1611529235539166408,1611529235537877857,0,1,111294,T,N,0,2521000000,2,4,20647,82781,NGH1
1611529235539166408,1611529235537877857,0,1,215880,T,N,0,8000000,2,4,20647,82781,NGG1-NGH1
1611529235539166408,1611529235537877857,0,1,111293,T,B,0,2528000000,5,4,20647,82781,NGG1
1611529235539166408,1611529235537877857,0,1,111293,T,B,0,2529000000,2,4,20647,82781,NGG1
1611529235545808086,1611529235545226179,0,1,111293,T,A,0,2527000000,1,132,19110,82820,NGG1
1611529235545808086,1611529235545226179,0,1,215880,T,N,0,7000000,1,4,19110,82820,NGG1-NGH1
1611529235545808086,1611529235545226179,0,1,111294,T,N,0,2520000000,1,4,19110,82820,NGH1
1611529235985092021,1611529235984593839,0,1,111294,T,A,0,2519000000,2,4,20973,82856,NGH1
1611529235988892261,1611529235988498069,0,1,111294,T,A,0,2519000000,1,4,20741,82876,NGH1
1611529236380127063,1611529236379261471,0,1,121372,T,B,0,-64000000,1,4,20666,83143,NGK1-NGM1
1611529238008123304,1611529238007192791,0,1,111294,T,A,0,2519000000,1,132,18946,83222,NGH1
1611529238008123304,1611529238007192791,0,1,215880,T,N,0,8000000,1,4,18946,83222,NGG1-NGH1
1611529238008123304,1611529238007192791,0,1,111293,T,N,0,2527000000,1,4,18946,83222,NGG1
1611529238038660619,1611529238038062655,0,1,111294,T,B,0,2520000000,2,4,18602,83240,NGH1
1611529238043355245,1611529238041188195,0,1,111294,T,N,0,2520000000,1,4,20129,83265,NGH1
1611529238043355245,1611529238041188195,0,1,111294,T,N,0,2521000000,6,4,20129,83265,NGH1
1611529238043355245,1611529238041188195,0,1,111293,T,B,0,2528000000,1,4,20129,83265,NGG1
1611529238043355245,1611529238041188195,0,1,111293,T,B,0,2529000000,6,132,20129,83265,NGG1
1611529238043355245,1611529238041188195,0,1,215880,T,N,0,8000000,7,4,20129,83265,NGG1-NGH1
1611529238117322893,1611529238116673597,0,1,215880,T,N,0,8000000,7,4,19297,83330,NGG1-NGH1
1611529238117322893,1611529238116673597,0,1,111293,T,B,0,2529000000,7,132,19297,83330,NGG1
1611529238117322893,1611529238116673597,0,1,111294,T,N,0,2521000000,7,4,19297,83330,NGH1
1611529238284296775,1611529238283831201,0,1,111294,T,B,0,2521000000,13,4,19766,83354,NGH1
1611529238288521853,1611529238285862633,0,1,111294,T,B,0,2522000000,1,4,19350,83442,NGH1
1611529238323762565,1611529238323378683,0,1,111294,T,A,0,2521000000,1,4,17883,83626,NGH1
1611529238338421825,1611529238338055641,0,1,111294,T,A,0,2521000000,1,4,18290,83645,NGH1
1611529238748819003,1611529238748405889,0,1,111294,T,A,0,2521000000,3,4,18113,83837,NGH1
1611529238866493875,1611529238865603931,0,1,111294,T,A,0,2521000000,13,4,20048,83870,NGH1
1611529238866493875,1611529238865603931,0,1,111294,T,A,0,2519000000,3,4,20048,83870,NGH1
1611529238866493875,1611529238865603931,0,1,111293,T,N,0,2527000000,1,4,20048,83870,NGG1
1611529238866493875,1611529238865603931,0,1,215880,T,N,0,8000000,1,4,20048,83870,NGG1-NGH1
1611529238881720292,1611529238881212503,0,1,111294,T,A,0,2519000000,1,4,19105,84168,NGH1
1611529240234795016,1611529240234073489,0,1,111294,T,B,0,2521000000,2,4,20638,84385,NGH1
1611529240410457668,1611529240409893029,0,1,111294,T,A,0,2518000000,2,4,18945,84455,NGH1
1611529241661074553,1611529241660472841,0,1,111314,T,A,0,2970000000,1,4,21060,84767,NGZ1
1611529241999077481,1611529241998594463,0,1,111294,T,A,0,2518000000,1,4,18390,84895,NGH1
1611529242416604425,1611529242416173227,0,1,111294,T,A,0,2518000000,1,4,18464,84931,NGH1
1611529242417683699,1611529242417240083,0,1,111294,T,B,0,2519000000,1,4,18043,84938,NGH1
1611529242418357856,1611529242417882339,0,1,111294,T,A,0,2519000000,1,4,18052,84946,NGH1
1611529242444493397,1611529242443816043,0,1,215880,T,B,0,8000000,7,4,18510,85007,NGG1-NGH1
1611529242463922907,1611529242463465653,0,1,111294,T,A,0,2520000000,1,4,18065,85023,NGH1
1611529242471221814,1611529242470774979,0,1,111294,T,A,0,2520000000,1,4,18357,85035,NGH1
1611529242666326187,1611529242665550477,0,1,111296,T,A,0,2558000000,1,4,18204,85079,NGJ1
1611529242909613859,1611529242908732407,0,1,111294,T,N,0,2520000000,4,4,21622,85093,NGH1
1611529242909613859,1611529242908732407,0,1,215880,T,N,0,7000000,4,4,21622,85093,NGG1-NGH1
1611529242909613859,1611529242908732407,0,1,111293,T,A,0,2527000000,4,132,21622,85093,NGG1
1611529243174918993,1611529243174468427,0,1,111294,T,B,0,2521000000,1,4,20562,85127,NGH1
1611529243807916304,1611529243807004765,0,1,111294,T,B,0,2521000000,1,4,20960,85142,NGH1
1611529244166270372,1611529244165754237,0,1,111293,T,B,0,2528000000,1,4,20194,85179,NGG1
1611529245143120308,1611529245141043119,0,1,111293,T,B,0,2528000000,5,4,23205,85204,NGG1
1611529245143120308,1611529245141043119,0,1,111293,T,B,0,2529000000,4,4,23205,85204,NGG1
1611529245143120308,1611529245141043119,0,1,111294,T,N,0,2520000000,1,4,23205,85204,NGH1
1611529245143120308,1611529245141043119,0,1,111294,T,N,0,2521000000,4,4,23205,85204,NGH1
1611529245143120308,1611529245141043119,0,1,215880,T,N,0,8000000,5,4,23205,85204,NGG1-NGH1
1611529245144699027,1611529245143140987,0,1,111298,T,B,0,2607000000,1,4,18089,85231,NGK1
1611529245249361382,1611529245248912693,0,1,111293,T,A,0,2529000000,5,4,18306,85435,NGG1
1611529245249837795,1611529245249479323,0,1,111293,T,A,0,2529000000,2,4,17998,85438,NGG1
1611529246119335721,1611529246118985123,0,1,111293,T,A,0,2529000000,1,4,18340,85488,NGG1
1611529246278199095,1611529246277432173,0,1,111293,T,B,0,2531000000,2,4,21032,85492,NGG1
1611529246278199095,1611529246277432173,0,1,215880,T,N,0,8000000,2,4,21032,85492,NGG1-NGH1
1611529246278199095,1611529246277432173,0,1,111294,T,N,0,2523000000,2,4,21032,85492,NGH1
1611529246278963785,1611529246278396063,0,1,111294,T,A,0,2523000000,1,132,19449,85503,NGH1
1611529246278963785,1611529246278396063,0,1,215880,T,N,0,8000000,1,4,19449,85503,NGG1-NGH1
1611529246278963785,1611529246278396063,0,1,111293,T,N,0,2531000000,1,4,19449,85503,NGG1
1611529247150762401,1611529247150120817,0,1,111293,T,N,0,2531000000,3,4,21243,85668,NGG1
1611529247150762401,1611529247150120817,0,1,215880,T,N,0,8000000,3,4,21243,85668,NGG1-NGH1
1611529247150762401,1611529247150120817,0,1,111294,T,A,0,2523000000,3,132,21243,85668,NGH1
1611529247151464998,1611529247150866955,0,1,111294,T,A,0,2523000000,1,132,19061,85672,NGH1
1611529247151464998,1611529247150866955,0,1,215880,T,N,0,8000000,1,4,19061,85672,NGG1-NGH1
1611529247151464998,1611529247150866955,0,1,111293,T,N,0,2531000000,1,4,19061,85672,NGG1
1611529247404408457,1611529247403956845,0,1,111293,T,B,0,2532000000,1,4,25530,85700,NGG1
1611529247714884128,1611529247714027733,0,1,215880,T,B,0,8000000,7,4,19145,85819,NGG1-NGH1
1611529247983330104,1611529247982567035,0,1,215880,T,N,0,8000000,1,4,21218,85841,NGG1-NGH1
1611529247983330104,1611529247982567035,0,1,111293,T,B,0,2531000000,1,132,21218,85841,NGG1
1611529247983330104,1611529247982567035,0,1,111294,T,N,0,2523000000,1,4,21218,85841,NGH1
1611529248132507462,1611529248131930753,0,1,111294,T,N,0,2521000000,1,4,20061,85871,NGH1
1611529248132507462,1611529248131930753,0,1,111293,T,A,0,2528000000,1,132,20061,85871,NGG1
1611529248132507462,1611529248131930753,0,1,215880,T,N,0,7000000,1,4,20061,85871,NGG1-NGH1
1611529248558017583,1611529248557515063,0,1,111294,T,A,0,2521000000,1,4,24109,85896,NGH1
1611529248565163514,1611529248564687751,0,1,111294,T,B,0,2523000000,2,4,24401,85902,NGH1
1611529248565696644,1611529248565320953,0,1,111294,T,A,0,2523000000,5,4,18320,85909,NGH1
1611529248566282433,1611529248565346173,0,1,111294,T,A,0,2523000000,1,4,18788,85924,NGH1
1611529248864721447,1611529248864256613,0,1,111294,T,A,0,2522000000,1,4,23301,86757,NGH1
1611529249020623064,1611529249020127989,0,1,111294,T,A,0,2521000000,1,4,18138,86853,NGH1
1611529249141135252,1611529249140510141,0,1,111294,T,N,0,2521000000,1,4,20019,86878,NGH1
1611529249141135252,1611529249140510141,0,1,215880,T,N,0,7000000,1,4,20019,86878,NGG1-NGH1
1611529249141135252,1611529249140510141,0,1,111293,T,A,0,2528000000,1,132,20019,86878,NGG1
1611529251665166065,1611529251664721131,0,1,111293,T,A,0,2528000000,1,4,24682,87219,NGG1
1611529252210374808,1611529252209512919,0,1,215880,T,B,0,8000000,7,4,23885,87226,NGG1-NGH1
1611529252366002575,1611529252365199595,0,1,215880,T,A,0,7000000,10,4,20944,87290,NGG1-NGH1
1611529252878589521,1611529252878021375,0,1,215880,T,A,0,7000000,5,4,18041,87371,NGG1-NGH1
1611529253632454522,1611529253631533719,0,1,24512,T,A,0,-39000000,12,4,21032,87550,NGH1-NGJ1
1611529254883397167,1611529254882870219,0,1,111294,T,A,0,2522000000,1,4,17851,88173,NGH1
1611529254968416174,1611529254967739307,0,1,215880,T,B,0,7000000,7,4,18414,88196,NGG1-NGH1
1611529256110879795,1611529256110060185,0,1,215880,T,N,0,7000000,1,4,21375,88263,NGG1-NGH1
1611529256110879795,1611529256110060185,0,1,111294,T,A,0,2522000000,1,4,21375,88263,NGH1
1611529256110879795,1611529256110060185,0,1,111293,T,N,0,2529000000,1,4,21375,88263,NGG1
1611529257028392827,1611529257027672171,0,1,111294,T,N,0,2522000000,1,4,18348,88353,NGH1
1611529257028392827,1611529257027672171,0,1,24512,T,N,0,-40000000,1,4,18348,88353,NGH1-NGJ1
1611529257028392827,1611529257027672171,0,1,111296,T,B,0,2562000000,1,132,18348,88353,NGJ1
1611529257030515595,1611529257029697619,0,1,204963,T,A,0,-88000000,4,4,18567,88365,NGH1-NGK1
1611529257232212004,1611529257231695897,0,1,111294,T,A,0,2521000000,1,4,19297,88402,NGH1
1611529258859027184,1611529258858040683,0,1,111294,T,A,0,2521000000,3,4,19177,88486,NGH1
1611529258859027184,1611529258858040683,0,1,111296,T,N,0,2561000000,1,4,19177,88486,NGJ1
1611529258859027184,1611529258858040683,0,1,24512,T,N,0,-40000000,1,4,19177,88486,NGH1-NGJ1
1611529258859615077,1611529258859040237,0,1,24512,T,A,0,-40000000,9,4,18354,88493,NGH1-NGJ1
1611529258860417935,1611529258859624401,0,1,24512,T,A,0,-40000000,2,132,18676,88508,NGH1-NGJ1
1611529258860417935,1611529258859624401,0,1,215880,T,N,0,6000000,2,4,18676,88508,NGG1-NGH1
1611529258860417935,1611529258859624401,0,1,26953,T,N,0,46000000,2,4,18676,88508,NG:BF G1-H1-J1
1611529258860946480,1611529258859666615,0,1,26953,T,N,0,46000000,1,4,21471,88512,NG:BF G1-H1-J1
1611529258860946480,1611529258859666615,0,1,215880,T,N,0,6000000,1,4,21471,88512,NGG1-NGH1
1611529258860946480,1611529258859666615,0,1,24512,T,A,0,-40000000,1,4,21471,88512,NGH1-NGJ1
1611529259518856045,1611529259518459945,0,1,111294,T,B,0,2522000000,1,4,17864,88682,NGH1
1611529259960226962,1611529259959759243,0,1,111294,T,A,0,2522000000,1,4,18049,88768,NGH1
1611529259961155224,1611529259960631623,0,1,111293,T,B,0,2528000000,1,4,22600,88779,NGG1
1611529259977966981,1611529259976336889,0,1,111293,T,N,0,2528000000,5,4,19458,88797,NGG1
1611529259977966981,1611529259976336889,0,1,111294,T,B,0,2522000000,5,4,19458,88797,NGH1
1611529259977966981,1611529259976336889,0,1,215880,T,N,0,6000000,5,4,19458,88797,NGG1-NGH1
1611529260080115727,1611529260079669781,0,1,111296,T,B,0,2564000000,1,4,18121,88879,NGJ1
1611529260478149982,1611529260477688671,0,1,111294,T,B,0,2523000000,3,4,21135,88944,NGH1
1611529260478583395,1611529260478167571,0,1,111294,T,B,0,2523000000,1,4,21311,88949,NGH1
1611529260505735470,1611529260505344563,0,1,111293,T,B,0,2530000000,2,4,23385,89107,NGG1
1611529260509513798,1611529260508819453,0,1,111299,T,B,0,2676000000,1,4,20166,89173,NGM1
1611529260509892715,1611529260509001649,0,1,111299,T,B,0,2676000000,1,4,17753,89180,NGM1
1611529260510157900,1611529260509023249,0,1,111294,T,B,0,2525000000,2,4,17988,89185,NGH1
1611529260511010610,1611529260510044747,0,1,111294,T,B,0,2525000000,1,132,22083,89203,NGH1
1611529260511010610,1611529260510044747,0,1,111293,T,N,0,2531000000,1,4,22083,89203,NGG1
1611529260511010610,1611529260510044747,0,1,215880,T,N,0,6000000,1,4,22083,89203,NGG1-NGH1
1611529260512912134,1611529260511459381,0,1,111299,T,B,0,2676000000,1,132,18361,89235,NGM1
1611529260512912134,1611529260511459381,0,1,111303,T,N,0,2771000000,1,4,18361,89235,NGQ1
1611529260512912134,1611529260511459381,0,1,10746,T,N,0,-95000000,1,4,18361,89235,NGM1-NGQ1
1611529260519422764,1611529260518173531,0,1,111294,T,N,0,2525000000,1,4,19841,89384,NGH1
1611529260519422764,1611529260518173531,0,1,111305,T,A,0,2757000000,2,4,19841,89384,NGU1
1611529260519422764,1611529260518173531,0,1,111301,T,N,0,2742000000,1,4,19841,89384,NGN1
1611529260519422764,1611529260518173531,0,1,282767,T,N,0,-15000000,1,4,19841,89384,NGN1-NGU1
1611529260519422764,1611529260518173531,0,1,282760,T,N,0,-232000000,1,4,19841,89384,NGH1-NGU1
1611529260525911990,1611529260519908213,0,1,111305,T,B,0,2757000000,2,4,18369,89501,NGU1
1611529260526220047,1611529260519941807,0,1,111305,T,N,0,2757000000,1,4,19045,89509,NGU1
1611529260526220047,1611529260519941807,0,1,282767,T,N,0,-14000000,1,4,19045,89509,NGN1-NGU1
1611529260526220047,1611529260519941807,0,1,111301,T,B,0,2743000000,1,132,19045,89509,NGN1
1611529260528030083,1611529260522857763,0,1,111299,T,A,0,2676000000,1,132,18783,89552,NGM1
1611529260528030083,1611529260522857763,0,1,111298,T,N,0,2612000000,1,4,18783,89552,NGK1
1611529260528030083,1611529260522857763,0,1,121372,T,N,0,-64000000,1,4,18783,89552,NGK1-NGM1
1611529260700656793,1611529260699498213,0,1,121372,T,B,0,-64000000,9,4,19679,89871,NGK1-NGM1
1611529261062974595,1611529261062168061,0,1,111294,T,B,0,2526000000,1,132,21663,89988,NGH1
1611529261062974595,1611529261062168061,0,1,215880,T,N,0,6000000,1,4,21663,89988,NGG1-NGH1
1611529261062974595,1611529261062168061,0,1,111293,T,N,0,2532000000,1,4,21663,89988,NGG1
1611529261063233664,1611529261062391877,0,1,111293,T,N,0,2532000000,1,4,18843,89990,NGG1
1611529261063233664,1611529261062391877,0,1,215880,T,N,0,6000000,1,4,18843,89990,NGG1-NGH1
1611529261063233664,1611529261062391877,0,1,111294,T,B,0,2526000000,1,132,18843,89990,NGH1
1611529261063457684,1611529261063030511,0,1,111293,T,B,0,2532000000,2,4,20613,89995,NGG1
1611529261246194809,1611529261245191999,0,1,111293,T,A,0,2530000000,3,4,20442,90079,NGG1
1611529261246194809,1611529261245191999,0,1,111293,T,A,0,2529000000,2,4,20442,90079,NGG1
1611529261246194809,1611529261245191999,0,1,111294,T,N,0,2524000000,3,4,20442,90079,NGH1
1611529261246194809,1611529261245191999,0,1,215880,T,N,0,6000000,3,4,20442,90079,NGG1-NGH1
1611529261247914700,1611529261247309885,0,1,111301,T,B,0,2746000000,1,132,19746,90099,NGN1
1611529261247914700,1611529261247309885,0,1,111303,T,N,0,2771000000,1,4,19746,90099,NGQ1
1611529261247914700,1611529261247309885,0,1,15052,T,N,0,-25000000,1,4,19746,90099,NGN1-NGQ1
1611529261312660749,1611529261312029257,0,1,215880,T,A,0,6000000,2,4,22558,90132,NGG1-NGH1
1611529261645019902,1611529261644506953,0,1,24512,T,B,0,-40000000,4,4,18756,90205,NGH1-NGJ1
1611529261720024885,1611529261719392591,0,1,24512,T,N,0,-40000000,1,4,18954,90286,NGH1-NGJ1
1611529261720024885,1611529261719392591,0,1,111294,T,A,0,2525000000,1,132,18954,90286,NGH1
1611529261720024885,1611529261719392591,0,1,111296,T,N,0,2565000000,1,4,18954,90286,NGJ1
1611529262703219190,1611529262702674403,0,1,111293,T,B,0,2533000000,4,4,20702,90355,NGG1
1611529263880987379,1611529263879270657,0,1,111293,T,N,0,2532000000,4,4,25896,90405,NGG1
1611529263880987379,1611529263879270657,0,1,111294,T,A,0,2525000000,4,132,25896,90405,NGH1
1611529263880987379,1611529263879270657,0,1,215880,T,N,0,7000000,4,4,25896,90405,NGG1-NGH1
1611529263896841394,1611529263896330043,0,1,111294,T,B,0,2526000000,1,4,19254,90472,NGH1
1611529264505140793,1611529264504329905,0,1,215880,T,B,0,7000000,10,4,21095,90490,NGG1-NGH1
1611529266476559602,1611529266475124865,0,1,111294,T,B,0,2526000000,1,4,21718,90550,NGH1
1611529266913601884,1611529266913017087,0,1,111294,T,A,0,2524000000,1,4,24980,90579,NGH1
1611529267161476046,1611529267160946735,0,1,111294,T,A,0,2524000000,1,4,24674,90598,NGH1
1611529267195789041,1611529267195362993,0,1,111294,T,B,0,2526000000,1,4,20424,90618,NGH1
1611529267196722431,1611529267196145437,0,1,111293,T,B,0,2533000000,3,4,18264,90629,NGG1
1611529267196731619,1611529267196145437,0,1,111293,T,B,0,2534000000,1,4,18385,90630,NGG1
1611529267475590889,1611529267475126363,0,1,111294,T,B,0,2527000000,1,4,20793,90697,NGH1
1611529269716075569,1611529269714596659,0,1,111294,T,A,0,2525000000,6,4,21053,90900,NGH1
1611529269716075569,1611529269714596659,0,1,111294,T,A,0,2524000000,1,4,21053,90900,NGH1
1611529269716075569,1611529269714596659,0,1,111293,T,N,0,2532000000,2,4,21053,90900,NGG1
1611529269716075569,1611529269714596659,0,1,215880,T,N,0,7000000,2,4,21053,90900,NGG1-NGH1
1611529270653967255,1611529270653238781,0,1,17356,T,B,0,-94000000,6,4,19262,91047,NGZ1-NGF2
1611529271071108910,1611529271070456027,0,1,215880,T,B,0,7000000,3,4,20942,91237,NGG1-NGH1
1611529271204559615,1611529271203300125,0,1,111294,T,B,0,2526000000,2,4,18421,91264,NGH1
1611529271205332248,1611529271204725579,0,1,111311,T,B,0,2785000000,2,4,18817,91278,NGV1
1611529271223143924,1611529271221394003,0,1,111314,T,B,0,2976000000,2,4,20498,91394,NGZ1
1611529271741474572,1611529271740819677,0,1,111293,T,A,0,2533000000,1,4,20446,91739,NGG1
1611529271885871145,1611529271885372259,0,1,111294,T,A,0,2526000000,1,4,24784,91753,NGH1
1611529272160632677,1611529272160134263,0,1,111294,T,A,0,2526000000,1,4,20098,91771,NGH1
1611529273861241829,1611529273860403851,0,1,111294,T,A,0,2526000000,1,4,28885,91815,NGH1
1611529273861814982,1611529273861259557,0,1,111311,T,B,0,2786000000,2,4,20108,91819,NGV1
1611529274195479873,1611529274193765723,0,1,111314,T,N,0,2976000000,3,4,21461,91878,NGZ1
1611529274195479873,1611529274193765723,0,1,111313,T,B,0,2846000000,3,132,21461,91878,NGX1
1611529274195479873,1611529274193765723,0,1,158336,T,N,0,-130000000,3,4,21461,91878,NGX1-NGZ1
1611529274195930210,1611529274193799533,0,1,24512,T,A,0,-40000000,6,4,31317,91882,NGH1-NGJ1
1611529274196451071,1611529274193808913,0,1,215880,T,A,0,7000000,6,4,35845,91883,NGG1-NGH1
1611529274196451071,1611529274193804323,0,1,209631,T,B,0,-62000000,3,4,35845,91883,NGV1-NGX1
1611529274467849198,1611529274467180505,0,1,41958,T,B,0,-25000000,1,4,18541,92455,NGU1-NGV1
1611529274957100493,1611529274956186981,0,1,215880,T,N,0,8000000,2,4,21738,92540,NGG1-NGH1
1611529274957100493,1611529274956186981,0,1,111294,T,A,0,2525000000,5,4,21738,92540,NGH1
1611529274957100493,1611529274956186981,0,1,111293,T,N,0,2533000000,2,4,21738,92540,NGG1
1611529275208488957,1611529275207144477,0,1,111293,T,N,0,2531000000,1,4,20494,92781,NGG1
1611529275208488957,1611529275207144477,0,1,111294,T,A,0,2524000000,8,4,20494,92781,NGH1
1611529275208488957,1611529275207144477,0,1,111294,T,A,0,2523000000,3,4,20494,92781,NGH1
1611529275208488957,1611529275207144477,0,1,111294,T,A,0,2522000000,1,4,20494,92781,NGH1
1611529275208488957,1611529275207144477,0,1,111296,T,N,0,2563000000,1,4,20494,92781,NGJ1
1611529275208488957,1611529275207144477,0,1,26953,T,N,0,47000000,1,4,20494,92781,NG:BF G1-H1-J1
1611529276779205522,1611529276778074645,0,1,111296,T,N,0,2564000000,1,4,20443,93194,NGJ1
1611529276779205522,1611529276778074645,0,1,111294,T,B,0,2525000000,3,4,20443,93194,NGH1
1611529276779205522,1611529276778074645,0,1,24512,T,N,0,-39000000,1,4,20443,93194,NGH1-NGJ1
1611529276779877392,1611529276779469789,0,1,111294,T,A,0,2525000000,7,4,19463,93213,NGH1
1611529276782463170,1611529276779918023,0,1,111294,T,A,0,2525000000,6,4,18032,93263,NGH1
1611529277107998066,1611529277107565447,0,1,111294,T,A,0,2523000000,1,4,25340,93409,NGH1
1611529278106083472,1611529278104807823,0,1,111294,T,B,0,2524000000,2,4,21688,93638,NGH1
1611529278106083472,1611529278104807823,0,1,111293,T,N,0,2531000000,1,4,21688,93638,NGG1
1611529278106083472,1611529278104807823,0,1,215880,T,N,0,7000000,1,4,21688,93638,NGG1-NGH1
1611529278834480130,1611529278833968133,0,1,111294,T,A,0,2524000000,2,4,20846,93929,NGH1
1611529278834982291,1611529278834532977,0,1,111294,T,A,0,2524000000,1,4,18677,93932,NGH1
1611529278835203083,1611529278834604621,0,1,111301,T,A,0,2745000000,1,4,18391,93936,NGN1
1611529278981011047,1611529278980561525,0,1,111294,T,B,0,2524000000,1,4,18210,94024,NGH1
1611529279391301885,1611529279390545539,0,1,24512,T,A,0,-40000000,5,4,26496,94086,NGH1-NGJ1
1611529280967528770,1611529280967005081,0,1,111293,T,A,0,2530000000,3,4,18685,94290,NGG1
1611529281191882649,1611529281191443801,0,1,111294,T,A,0,2523000000,1,4,18681,94295,NGH1
1611529281195851825,1611529281195206069,0,1,111294,T,B,0,2524000000,1,4,18700,94351,NGH1
1611529282399597579,1611529282399159125,0,1,111293,T,A,0,2530000000,3,4,20484,94459,NGG1
1611529282498512308,1611529282497714557,0,1,111294,T,B,0,2524000000,1,4,20879,94496,NGH1
1611529282498512308,1611529282497714557,0,1,111294,T,B,0,2525000000,4,4,20879,94496,NGH1
1611529283681754647,1611529283680760071,0,1,111294,T,B,0,2524000000,1,4,18564,94591,NGH1
1611529283808215300,1611529283807860441,0,1,111293,T,A,0,2530000000,3,4,18186,94685,NGG1
1611529283860250715,1611529283859777875,0,1,111294,T,A,0,2523000000,1,4,19021,94829,NGH1
1611529283860250715,1611529283859777875,0,1,111294,T,A,0,2522000000,1,4,19021,94829,NGH1
1611529284124752537,1611529284124334835,0,1,111294,T,A,0,2522000000,1,4,18381,94867,NGH1
1611529285043766476,1611529285041295379,0,1,111303,T,N,0,2771000000,1,4,19912,95013,NGQ1
1611529285043766476,1611529285041295379,0,1,111305,T,A,0,2761000000,1,4,19912,95013,NGU1
1611529285043766476,1611529285041295379,0,1,282784,T,N,0,10000000,1,4,19912,95013,NGQ1-NGU1
1611529285050728495,1611529285050151705,0,1,111303,T,N,0,2771000000,1,4,20042,95076,NGQ1
1611529285050728495,1611529285050151705,0,1,111294,T,A,0,2522000000,1,4,20042,95076,NGH1
1611529285050728495,1611529285050151705,0,1,10699,T,N,0,-249000000,1,4,20042,95076,NGH1-NGQ1
1611529285067451164,1611529285066985435,0,1,111294,T,B,0,2522000000,1,4,18529,95125,NGH1
1611529285520181677,1611529285518347383,0,1,204979,T,A,0,-48000000,8,4,20814,95181,NGJ1-NGK1
1611529285520802270,1611529285520190931,0,1,204979,T,A,0,-48000000,1,4,19099,95185,NGJ1-NGK1
1611529285649016998,1611529285648398831,0,1,111294,T,A,0,2521000000,2,132,19619,95284,NGH1
1611529285649016998,1611529285648398831,0,1,24512,T,N,0,-40000000,2,4,19619,95284,NGH1-NGJ1
1611529285649016998,1611529285648398831,0,1,111296,T,N,0,2561000000,2,4,19619,95284,NGJ1
1611529285649304459,1611529285648411631,0,1,111296,T,N,0,2561000000,2,4,18524,95287,NGJ1
1611529285649304459,1611529285648411631,0,1,24512,T,N,0,-40000000,2,4,18524,95287,NGH1-NGJ1
1611529285649304459,1611529285648411631,0,1,111294,T,A,0,2521000000,2,132,18524,95287,NGH1
1611529285650093849,1611529285649030253,0,1,111296,T,A,0,2561000000,3,4,17940,95302,NGJ1
1611529286048145963,1611529286047473923,0,1,111303,T,N,0,2771000000,1,4,21861,95462,NGQ1
1611529286048145963,1611529286047473923,0,1,282784,T,N,0,10000000,1,4,21861,95462,NGQ1-NGU1
1611529286048145963,1611529286047473923,0,1,111305,T,A,0,2761000000,1,132,21861,95462,NGU1
1611529286048574256,1611529286048145927,0,1,111298,T,B,0,2610000000,1,4,20371,95464,NGK1
1611529286050626689,1611529286048148691,0,1,126661,T,B,0,60000000,1,4,18351,95469,NGF2-NGG2
1611529286485139388,1611529286484676033,0,1,111294,T,B,0,2521000000,1,4,18109,95533,NGH1
1611529286523785761,1611529286523227357,0,1,24512,T,A,0,-40000000,10,4,18925,95540,NGH1-NGJ1
1611529286524765240,1611529286523853809,0,1,111294,T,A,0,2520000000,3,4,21728,95548,NGH1
1611529286524765240,1611529286523853809,0,1,111296,T,N,0,2560000000,1,4,21728,95548,NGJ1
1611529286524765240,1611529286523853809,0,1,111293,T,N,0,2527000000,1,4,21728,95548,NGG1
1611529286524765240,1611529286523853809,0,1,26953,T,N,0,47000000,1,4,21728,95548,NG:BF G1-H1-J1
1611529287139067825,1611529287138381355,0,1,111305,T,A,0,2761000000,1,132,21726,95756,NGU1
1611529287139067825,1611529287138381355,0,1,282784,T,N,0,10000000,1,4,21726,95756,NGQ1-NGU1
1611529287139067825,1611529287138381355,0,1,111303,T,N,0,2771000000,1,4,21726,95756,NGQ1
1611529287139709022,1611529287139060445,0,1,111296,T,N,0,2562000000,1,4,24197,95760,NGJ1
1611529287139709022,1611529287139060445,0,1,111298,T,B,0,2611000000,1,132,24197,95760,NGK1
1611529287139709022,1611529287139060445,0,1,204979,T,N,0,-49000000,1,4,24197,95760,NGJ1-NGK1
1611529287140012955,1611529287139063135,0,1,126661,T,B,0,60000000,1,4,18879,95764,NGF2-NGG2
1611529288066872630,1611529288065063179,0,1,111296,T,N,0,2560000000,3,4,26550,95848,NGJ1
1611529288066872630,1611529288065063179,0,1,111303,T,N,0,2771000000,1,4,26550,95848,NGQ1
1611529288066872630,1611529288065063179,0,1,26953,T,N,0,48000000,3,4,26550,95848,NG:BF G1-H1-J1
1611529288066872630,1611529288065063179,0,1,111293,T,N,0,2527000000,4,4,26550,95848,NGG1
1611529288066872630,1611529288065063179,0,1,111294,T,A,0,2520000000,4,4,26550,95848,NGH1
1611529288066872630,1611529288065063179,0,1,111294,T,A,0,2519000000,7,4,26550,95848,NGH1
1611529288066872630,1611529288065063179,0,1,10699,T,N,0,-251000000,1,4,26550,95848,NGH1-NGQ1
1611529288066872630,1611529288065063179,0,1,215880,T,N,0,8000000,1,4,26550,95848,NGG1-NGH1
1611529288068423970,1611529288067130461,0,1,111296,T,A,0,2560000000,6,4,20088,95887,NGJ1
1611529288069829357,1611529288067600823,0,1,111293,T,A,0,2527000000,3,4,18957,95919,NGG1
1611529288071582077,1611529288068079979,0,1,111296,T,A,0,2560000000,6,4,18674,95955,NGJ1
1611529288129119569,1611529288127586529,0,1,111293,T,B,0,2528000000,1,132,18726,96290,NGG1
1611529288129119569,1611529288127586529,0,1,215880,T,N,0,8000000,1,4,18726,96290,NGG1-NGH1
1611529288129119569,1611529288127586529,0,1,111294,T,N,0,2520000000,1,4,18726,96290,NGH1
1611529288493138735,1611529288492481335,0,1,215880,T,A,0,7000000,5,4,18950,96347,NGG1-NGH1
1611529288510617838,1611529288510029741,0,1,111294,T,B,0,2520000000,1,4,19025,96388,NGH1
1611529288510617838,1611529288510029741,0,1,111294,T,B,0,2521000000,2,4,19025,96388,NGH1
1611529288511378931,1611529288510796555,0,1,111294,T,A,0,2521000000,1,4,17865,96408,NGH1
1611529288511597172,1611529288510829769,0,1,111294,T,A,0,2521000000,3,4,17825,96411,NGH1
1611529288581628360,1611529288580963739,0,1,111294,T,A,0,2520000000,2,4,18564,96546,NGH1
1611529288582159721,1611529288580967621,0,1,111294,T,A,0,2520000000,7,4,19409,96548,NGH1
1611529288582159721,1611529288580967621,0,1,215880,T,N,0,7000000,2,4,19409,96548,NGG1-NGH1
1611529288582159721,1611529288580967621,0,1,111293,T,N,0,2527000000,2,4,19409,96548,NGG1
1611529288583681584,1611529288583111913,0,1,111293,T,N,0,2527000000,3,4,19751,96559,NGG1
1611529288583681584,1611529288583111913,0,1,215880,T,N,0,7000000,3,4,19751,96559,NGG1-NGH1
1611529288583681584,1611529288583111913,0,1,111294,T,A,0,2520000000,3,4,19751,96559,NGH1
1611529288956736482,1611529288955175683,0,1,111294,T,A,0,2520000000,2,132,18517,96672,NGH1
1611529288956736482,1611529288955175683,0,1,215880,T,N,0,7000000,2,4,18517,96672,NGG1-NGH1
1611529288956736482,1611529288955175683,0,1,111293,T,N,0,2527000000,2,4,18517,96672,NGG1
1611529289134549000,1611529289133380205,0,1,24512,T,A,0,-41000000,31,4,20870,96719,NGH1-NGJ1
1611529289135472606,1611529289134562753,0,1,24512,T,A,0,-41000000,1,4,18693,96721,NGH1-NGJ1
1611529289822547235,1611529289820884601,0,1,111293,T,N,0,2527000000,1,4,19431,96821,NGG1
1611529289822547235,1611529289820884601,0,1,215880,T,N,0,7000000,1,4,19431,96821,NGG1-NGH1
1611529289822547235,1611529289820884601,0,1,111294,T,A,0,2520000000,1,132,19431,96821,NGH1
1611529289832321749,1611529289830842667,0,1,111294,T,N,0,2521000000,1,4,19105,96825,NGH1
1611529289832321749,1611529289830842667,0,1,215880,T,N,0,7000000,1,4,19105,96825,NGG1-NGH1
1611529289832321749,1611529289830842667,0,1,111293,T,B,0,2528000000,1,132,19105,96825,NGG1
1611529290112748783,1611529290111269691,0,1,111293,T,N,0,2527000000,1,4,20606,96856,NGG1
1611529290112748783,1611529290111269691,0,1,215880,T,N,0,7000000,1,4,20606,96856,NGG1-NGH1
1611529290112748783,1611529290111269691,0,1,111294,T,A,0,2520000000,1,132,20606,96856,NGH1
1611529290128878155,1611529290128390857,0,1,111294,T,B,0,2521000000,1,4,19137,96858,NGH1
1611529293185833365,1611529293184980721,0,1,204979,T,A,0,-49000000,5,4,20664,97014,NGJ1-NGK1
1611529293347326677,1611529293346381657,0,1,111294,T,A,0,2520000000,1,132,18416,97028,NGH1
1611529293347326677,1611529293346381657,0,1,215880,T,N,0,7000000,1,4,18416,97028,NGG1-NGH1
1611529293347326677,1611529293346381657,0,1,111293,T,N,0,2527000000,1,4,18416,97028,NGG1
1611529293349885071,1611529293348425635,0,1,111293,T,N,0,2527000000,1,4,19044,97040,NGG1
1611529293349885071,1611529293348425635,0,1,215880,T,N,0,7000000,1,4,19044,97040,NGG1-NGH1
1611529293349885071,1611529293348425635,0,1,111294,T,A,0,2520000000,1,132,19044,97040,NGH1
1611529293350323260,1611529293349895559,0,1,111293,T,A,0,2527000000,1,4,18232,97059,NGG1
1611529293865210771,1611529293864682763,0,1,111293,T,N,0,2526000000,1,4,20933,97132,NGG1
1611529293865210771,1611529293864682763,0,1,111294,T,A,0,2519000000,1,132,20933,97132,NGH1
1611529293865210771,1611529293864682763,0,1,215880,T,N,0,7000000,1,4,20933,97132,NGG1-NGH1
1611529294130306529,1611529294129936523,0,1,111294,T,A,0,2518000000,1,4,20468,97157,NGH1
1611529294270309224,1611529294269514405,0,1,111293,T,B,0,2527000000,1,4,20663,97247,NGG1
1611529296437873874,1611529296433448293,0,1,111294,T,B,0,2520000000,3,4,18015,97351,NGH1
1611529296846248941,1611529296845436335,0,1,111294,T,A,0,2519000000,2,4,20207,97382,NGH1
1611529296846248941,1611529296845436335,0,1,24512,T,N,0,-42000000,1,4,20207,97382,NGH1-NGJ1
1611529296846248941,1611529296845436335,0,1,111296,T,N,0,2561000000,1,4,20207,97382,NGJ1
1611529296847137411,1611529296846564331,0,1,111296,T,N,0,2561000000,1,4,18774,97393,NGJ1
1611529296847137411,1611529296846564331,0,1,24512,T,B,0,-42000000,1,132,18774,97393,NGH1-NGJ1
1611529296847137411,1611529296846564331,0,1,111294,T,N,0,2519000000,1,4,18774,97393,NGH1
1611529296847771324,1611529296846709759,0,1,111296,T,A,0,2561000000,3,4,19499,97406,NGJ1
1611529296955073163,1611529296953993939,0,1,111294,T,A,0,2518000000,1,132,20113,97544,NGH1
1611529296955073163,1611529296953993939,0,1,111293,T,N,0,2525000000,1,4,20113,97544,NGG1
1611529296955073163,1611529296953993939,0,1,215880,T,N,0,7000000,1,4,20113,97544,NGG1-NGH1
1611529296955086355,1611529296953993939,0,1,111293,T,A,0,2525000000,1,4,19121,97545,NGG1
1611529297100407215,1611529297100006417,0,1,111294,T,A,0,2518000000,1,4,18292,97608,NGH1
1611529297347849608,1611529297346922785,0,1,111294,T,B,0,2519000000,2,4,27546,97619,NGH1
1611529298684132446,1611529298683642671,0,1,111296,T,A,0,2561000000,1,4,20093,97749,NGJ1
1611529298742468456,1611529298741534763,0,1,111296,T,N,0,2562000000,1,4,19706,97793,NGJ1
1611529298742468456,1611529298741534763,0,1,111294,T,B,0,2519000000,1,4,19706,97793,NGH1
1611529298742468456,1611529298741534763,0,1,111294,T,B,0,2520000000,2,4,19706,97793,NGH1
1611529298742468456,1611529298741534763,0,1,24512,T,N,0,-42000000,1,4,19706,97793,NGH1-NGJ1
1611529299763928066,1611529299763465009,0,1,111294,T,A,0,2519000000,1,4,18243,98027,NGH1
1611529299765075153,1611529299763889999,0,1,111296,T,A,0,2562000000,1,4,18113,98057,NGJ1
1611529299859431180,1611529299858989373,0,1,111293,T,A,0,2525000000,1,4,18285,98172,NGG1
1611529300388008983,1611529300385670871,0,1,111293,T,A,0,2525000000,4,4,21497,98183,NGG1
1611529300388008983,1611529300385670871,0,1,111293,T,A,0,2524000000,1,4,21497,98183,NGG1
1611529301097386301,1611529301096625447,0,1,111294,T,A,0,2518000000,1,4,17865,98532,NGH1
1611529302028259818,1611529302026845269,0,1,62831,T,A,0,-70000000,20,4,18896,98581,NGM1-NGN1
1611529302117842971,1611529302117407873,0,1,111294,T,A,0,2518000000,1,4,18738,98587,NGH1
1611529303134572993,1611529303133587151,0,1,111294,T,B,0,2519000000,5,4,21778,98608,NGH1
1611529303134572993,1611529303133587151,0,1,111293,T,N,0,2525000000,4,4,21778,98608,NGG1
1611529303134572993,1611529303133587151,0,1,215880,T,N,0,6000000,4,4,21778,98608,NGG1-NGH1
1611529303136317365,1611529303135362983,0,1,215880,T,N,0,6000000,1,4,18244,98639,NGG1-NGH1
1611529303136317365,1611529303135362983,0,1,111293,T,N,0,2525000000,1,4,18244,98639,NGG1
1611529303136317365,1611529303135362983,0,1,111294,T,B,0,2519000000,1,132,18244,98639,NGH1
1611529303136349409,1611529303135367251,0,1,111293,T,B,0,2525000000,7,4,21440,98640,NGG1
1611529303137275411,1611529303136559457,0,1,111293,T,N,0,2525000000,5,4,21242,98647,NGG1
1611529303137275411,1611529303136559457,0,1,111294,T,B,0,2519000000,5,4,21242,98647,NGH1
1611529303137275411,1611529303136559457,0,1,215880,T,N,0,6000000,5,4,21242,98647,NGG1-NGH1
1611529303137632472,1611529303137286603,0,1,111293,T,B,0,2525000000,1,4,18091,98655,NGG1
1611529303868295967,1611529303867102503,0,1,111294,T,A,0,2518000000,2,4,21975,98679,NGH1
1611529303868295967,1611529303867102503,0,1,111296,T,N,0,2561000000,1,4,21975,98679,NGJ1
1611529303868295967,1611529303867102503,0,1,24512,T,N,0,-43000000,1,4,21975,98679,NGH1-NGJ1
1611529306001398408,1611529306000951231,0,1,111294,T,A,0,2518000000,1,4,18222,98838,NGH1
1611529307152141385,1611529307151685647,0,1,111296,T,A,0,2561000000,1,4,17986,99054,NGJ1
1611529309724424507,1611529309723999985,0,1,111294,T,B,0,2519000000,1,4,21489,99315,NGH1
1611529310216768773,1611529310216196403,0,1,215880,T,A,0,6000000,1,4,21041,99331,NGG1-NGH1
1611529310219139727,1611529310218779415,0,1,111293,T,A,0,2523000000,1,4,18265,99370,NGG1
1611529310219625900,1611529310219160937,0,1,111296,T,A,0,2561000000,7,4,20808,99375,NGJ1
1611529310220291337,1611529310219266981,0,1,24512,T,A,0,-43000000,12,4,20168,99391,NGH1-NGJ1
1611529310220411466,1611529310219378985,0,1,111294,T,A,0,2518000000,1,4,19976,99394,NGH1
1611529310231965504,1611529310229895071,0,1,111296,T,A,0,2560000000,9,4,19306,99649,NGJ1
1611529310245676650,1611529310245269507,0,1,111293,T,A,0,2521000000,1,4,20046,99702,NGG1
1611529310349982974,1611529310349427029,0,1,111293,T,A,0,2521000000,1,4,18050,99733,NGG1
1611529310560469504,1611529310559041455,0,1,24512,T,B,0,-43000000,1,4,19530,99753,NGH1-NGJ1
1611529310560469504,1611529310559041455,0,1,24512,T,B,0,-42000000,9,4,19530,99753,NGH1-NGJ1
1611529311026127051,1611529311024088799,0,1,215880,T,B,0,6000000,1,4,18461,99894,NGG1-NGH1
1611529311027223985,1611529311026135929,0,1,215880,T,A,0,6000000,5,4,19131,99897,NGG1-NGH1
1611529311027250313,1611529311026156201,0,1,215880,T,A,0,6000000,4,4,25718,99898,NGG1-NGH1
1611529311202731209,1611529311202074699,0,1,111298,T,B,0,2611000000,1,4,20874,99934,NGK1
1611529311202831929,1611529311202086575,0,1,111296,T,B,0,2562000000,1,4,20446,99938,NGJ1
1611529311203043677,1611529311202091693,0,1,111294,T,B,0,2518000000,1,4,18818,99942,NGH1
1611529311203148006,1611529311202096819,0,1,111293,T,B,0,2524000000,2,4,18232,99945,NGG1
1611529313458919541,1611529313458188965,0,1,41645,T,A,0,-223000000,1,4,24277,100150,NGJ1-NGV1
1611529313463433071,1611529313460930809,0,1,41645,T,B,0,-223000000,3,4,18258,100236,NGJ1-NGV1
1611529313826932170,1611529313826584541,0,1,111293,T,B,0,2525000000,1,4,21011,100323,NGG1
1611529314332088816,1611529314331371621,0,1,111293,T,A,0,2523000000,3,132,25029,100405,NGG1
1611529314332088816,1611529314331371621,0,1,111294,T,N,0,2518000000,3,4,25029,100405,NGH1
1611529314332088816,1611529314331371621,0,1,215880,T,N,0,5000000,3,4,25029,100405,NGG1-NGH1
1611529314676541321,1611529314675841347,0,1,111293,T,A,0,2524000000,1,4,18492,100582,NGG1
1611529316433372989,1611529316432965539,0,1,111293,T,A,0,2521000000,1,4,18409,101218,NGG1
1611529317277529891,1611529317277105585,0,1,111296,T,A,0,2560000000,1,4,19107,101532,NGJ1
1611529317818079417,1611529317817299485,0,1,111294,T,B,0,2518000000,1,4,18360,101719,NGH1
1611529317818079417,1611529317817299485,0,1,111294,T,B,0,2519000000,1,4,18360,101719,NGH1
1611529318594154733,1611529318593741483,0,1,111293,T,B,0,2524000000,1,4,21563,101811,NGG1
1611529320300036034,1611529320299261667,0,1,111311,T,B,0,2782000000,1,132,19883,102125,NGV1
1611529320300036034,1611529320299261667,0,1,19540,T,N,0,-285000000,1,4,19883,102125,NGV1-NGF2
1611529320300036034,1611529320299261667,0,1,143984,T,N,0,3067000000,1,4,19883,102125,NGF2
1611529320301625797,1611529320301248513,0,1,111294,T,A,0,2518000000,1,4,18189,102129,NGH1
1611529320301952122,1611529320301432147,0,1,24512,T,B,0,-43000000,1,4,18403,102133,NGH1-NGJ1
1611529320302926728,1611529320302313991,0,1,41645,T,B,0,-223000000,1,4,18584,102144,NGJ1-NGV1
1611529320631127305,1611529320630476371,0,1,111296,T,N,0,2561000000,1,4,18717,102226,NGJ1
1611529320631127305,1611529320630476371,0,1,111303,T,N,0,2769000000,1,4,18717,102226,NGQ1
1611529320631127305,1611529320630476371,0,1,10712,T,A,0,-208000000,1,132,18717,102226,NGJ1-NGQ1
1611529320631641746,1611529320631259203,0,1,143984,T,B,0,3067000000,2,4,22034,102234,NGF2
1611529324017494016,1611529324016758427,0,1,111293,T,B,0,2524000000,1,4,20898,102443,NGG1
1611529324340008544,1611529324339663923,0,1,111293,T,B,0,2525000000,1,4,20298,102450,NGG1
1611529324467751480,1611529324455152451,0,1,143984,T,N,0,3067000000,1,4,19942,102469,NGF2
1611529324467751480,1611529324455152451,0,1,111296,T,B,0,2562000000,2,132,19942,102469,NGJ1
1611529324467751480,1611529324455152451,0,1,24512,T,N,0,-43000000,1,4,19942,102469,NGH1-NGJ1
1611529324467751480,1611529324455152451,0,1,111294,T,N,0,2519000000,1,4,19942,102469,NGH1
1611529324467751480,1611529324455152451,0,1,19054,T,N,0,-505000000,1,4,19942,102469,NGJ1-NGF2
1611529324591230302,1611529324590394355,0,1,111303,T,A,0,2765000000,1,132,18785,102520,NGQ1
1611529324591230302,1611529324590394355,0,1,111299,T,N,0,2670000000,1,4,18785,102520,NGM1
1611529324591230302,1611529324590394355,0,1,10746,T,N,0,-95000000,1,4,18785,102520,NGM1-NGQ1
1611529325608723349,1611529325607658423,0,1,61251,T,B,0,3500000,20,4,18416,102617,NGG1-HHG1
1611529325709591520,1611529325709041507,0,1,61251,T,A,0,3500000,1,4,18595,102631,NGG1-HHG1
1611529326099233754,1611529326098365239,0,1,24512,T,A,0,-43000000,8,4,25711,102644,NGH1-NGJ1
1611529326099459678,1611529326098469115,0,1,215880,T,A,0,5000000,8,4,18398,102650,NGG1-NGH1
1611529326255551782,1611529326255164287,0,1,111293,T,B,0,2525000000,3,4,18100,102940,NGG1
1611529326255720227,1611529326255168363,0,1,111294,T,B,0,2519000000,1,4,20026,102944,NGH1
1611529326367394334,1611529326366545073,0,1,62635,T,A,0,-183000000,1,4,21004,102983,NGJ1-NGN1
1611529326664655440,1611529326664139621,0,1,111294,T,A,0,2518000000,1,4,29352,102998,NGH1
1611529327246336658,1611529327245776303,0,1,111294,T,B,0,2520000000,4,4,21751,103030,NGH1
1611529327341565537,1611529327341175281,0,1,111296,T,A,0,2561000000,1,4,17957,103088,NGJ1
1611529327342574351,1611529327341753587,0,1,111305,T,N,0,2758000000,1,4,18857,103094,NGU1
1611529327342574351,1611529327341753587,0,1,111301,T,B,0,2742000000,1,132,18857,103094,NGN1
1611529327342574351,1611529327341753587,0,1,282767,T,N,0,-16000000,1,4,18857,103094,NGN1-NGU1
1611529327358893692,1611529327358320929,0,1,111296,T,A,0,2560000000,1,4,19391,103217,NGJ1
1611529327358893692,1611529327358320929,0,1,111293,T,N,0,2524000000,1,4,19391,103217,NGG1
1611529327358893692,1611529327358320929,0,1,24463,T,N,0,-36000000,1,4,19391,103217,NGG1-NGJ1
1611529327850856698,1611529327850246787,0,1,143984,T,N,0,3067000000,1,4,19501,103358,NGF2
1611529327850856698,1611529327850246787,0,1,19540,T,N,0,-285000000,1,4,19501,103358,NGV1-NGF2
1611529327850856698,1611529327850246787,0,1,111311,T,B,0,2782000000,1,132,19501,103358,NGV1
1611529327856235914,1611529327851862081,0,1,111293,T,N,0,2525000000,1,4,19852,103435,NGG1
1611529327856235914,1611529327851862081,0,1,111294,T,A,0,2519000000,1,132,19852,103435,NGH1
1611529327856235914,1611529327851862081,0,1,215880,T,N,0,6000000,1,4,19852,103435,NGG1-NGH1
1611529327856666955,1611529327852086953,0,1,24512,T,B,0,-42000000,1,4,18251,103440,NGH1-NGJ1
1611529327856728427,1611529327852161161,0,1,41645,T,B,0,-223000000,1,4,19683,103442,NGJ1-NGV1
1611529329711689423,1611529329711041539,0,1,111294,T,B,0,2521000000,4,4,19340,103780,NGH1
1611529329712197408,1611529329711747355,0,1,111294,T,B,0,2521000000,3,4,18609,103787,NGH1
1611529329712428132,1611529329711750113,0,1,111296,T,B,0,2563000000,1,4,17446,103792,NGJ1
1611529329768197272,1611529329767656483,0,1,111294,T,B,0,2522000000,2,4,18425,103852,NGH1
1611529329825259011,1611529329824053175,0,1,111294,T,B,0,2522000000,2,4,20594,103868,NGH1
1611529329825259011,1611529329824053175,0,1,111294,T,B,0,2523000000,2,4,20594,103868,NGH1
1611529329825259011,1611529329824053175,0,1,111296,T,N,0,2564000000,1,4,20594,103868,NGJ1
1611529329825259011,1611529329824053175,0,1,24512,T,N,0,-42000000,1,4,20594,103868,NGH1-NGJ1
1611529329825259011,1611529329824053175,0,1,215880,T,N,0,5000000,1,4,20594,103868,NGG1-NGH1
1611529329825259011,1611529329824053175,0,1,111293,T,N,0,2527000000,1,4,20594,103868,NGG1
1611529329827193136,1611529329826587997,0,1,204979,T,B,0,-48000000,1,4,19371,103902,NGJ1-NGK1
1611529329832348267,1611529329828327633,0,1,111293,T,B,0,2528000000,2,4,19193,104029,NGG1
1611529330558978379,1611529330558592581,0,1,111294,T,B,0,2523000000,1,4,18226,104106,NGH1
1611529330559145023,1611529330558598347,0,1,111296,T,B,0,2565000000,3,4,17927,104110,NGJ1
1611529330659147501,1611529330658347607,0,1,111294,T,B,0,2524000000,2,4,20036,104157,NGH1
1611529330659147501,1611529330658347607,0,1,111301,T,N,0,2747000000,1,4,20036,104157,NGN1
1611529330659147501,1611529330658347607,0,1,62618,T,N,0,-223000000,1,4,20036,104157,NGH1-NGN1
1611529330659667891,1611529330659162753,0,1,62618,T,B,0,-223000000,1,4,17892,104163,NGH1-NGN1
1611529331298650429,1611529331298298731,0,1,111293,T,B,0,2530000000,1,4,17982,104240,NGG1
1611529331634687714,1611529331634152301,0,1,111296,T,N,0,2563000000,1,4,18474,104269,NGJ1
1611529331634687714,1611529331634152301,0,1,111303,T,N,0,2770000000,1,4,18474,104269,NGQ1
1611529331634687714,1611529331634152301,0,1,10712,T,A,0,-207000000,1,132,18474,104269,NGJ1-NGQ1
1611529332261774807,1611529332261036873,0,1,111296,T,N,0,2566000000,1,4,19629,104394,NGJ1
1611529332261774807,1611529332261036873,0,1,111294,T,B,0,2524000000,1,132,19629,104394,NGH1
1611529332261774807,1611529332261036873,0,1,24512,T,N,0,-42000000,1,4,19629,104394,NGH1-NGJ1
1611529332503632609,1611529332503078073,0,1,111296,T,N,0,2564000000,1,4,18840,104528,NGJ1
1611529332503632609,1611529332503078073,0,1,41645,T,N,0,-223000000,1,4,18840,104528,NGJ1-NGV1
1611529332503632609,1611529332503078073,0,1,111311,T,A,0,2787000000,1,132,18840,104528,NGV1
1611529334180771072,1611529334180102527,0,1,111294,T,A,0,2522000000,1,4,20880,104676,NGH1
