ts_recv,ts_event,rtype,publisher_id,instrument_id,action,side,depth,price,size,flags,ts_in_delta,sequence,symbol
1606690800285184045,1606690800000000000,0,1,111291,T,N,0,2831000000,20,4,21842,60975,NGF1
1606690800285208849,1606690800000000000,0,1,15228,T,N,0,10000000,3,4,20554,60976,NGF1-NGG1
1606690800286510970,1606690800000000000,0,1,111293,T,N,0,2823000000,1,4,17959,60977,NGG1
1606690800286634666,1606690800000000000,0,1,111294,T,N,0,2777000000,2,4,18242,60978,NGH1
1606690800286818842,1606690800000000000,0,1,204979,T,N,0,3000000,1,4,18542,60979,NGJ1-NGK1
1606690800422914313,1606690800011626079,0,1,15228,T,A,0,10000000,8,4,18676,61244,NGF1-NGG1
1606690800425124733,1606690800020098641,0,1,111291,T,A,0,2831000000,2,4,18296,61282,NGF1
1606690800425124733,1606690800020098641,0,1,111291,T,A,0,2830000000,5,4,18296,61282,NGF1
1606690800516746304,1606690800297002703,0,1,111291,T,A,0,2831000000,1,4,18669,61576,NGF1
1606690800575746641,1606690800330051571,0,1,111291,T,B,0,2831000000,1,4,21226,62064,NGF1
1606690800575746641,1606690800330051571,0,1,111291,T,B,0,2832000000,2,4,21226,62064,NGF1
1606690800576081945,1606690800330263257,0,1,111291,T,B,0,2832000000,1,4,19742,62067,NGF1
1606690800578677048,1606690800331796341,0,1,111291,T,A,0,2832000000,1,4,21976,62071,NGF1
1606690800580282825,1606690800340580591,0,1,111291,T,A,0,2832000000,1,4,22939,62078,NGF1
1606690800610821903,1606690800425882339,0,1,111291,T,A,0,2830000000,2,4,18613,62266,NGF1
1606690800612839551,1606690800451181263,0,1,111291,T,A,0,2830000000,1,4,22272,62287,NGF1
1606690800613403550,1606690800452490337,0,1,111291,T,B,0,2831000000,1,4,23169,62291,NGF1
1606690800616347149,1606690800481543795,0,1,111291,T,B,0,2831000000,1,4,19554,62339,NGF1
1606690800624164026,1606690800584958903,0,1,111291,T,B,0,2830000000,1,4,20168,62429,NGF1
1606690800640586575,1606690800635555849,0,1,24512,T,A,0,93000000,1,4,23776,62673,NGH1-NGJ1
1606690800659532315,1606690800641130127,0,1,111291,T,A,0,2826000000,1,4,82303,62695,NGF1
1606690800659532315,1606690800641130127,0,1,111291,T,A,0,2825000000,2,4,82303,62695,NGF1
1606690800659532315,1606690800641130127,0,1,111291,T,A,0,2824000000,2,4,82303,62695,NGF1
1606690800659532315,1606690800641130127,0,1,111291,T,A,0,2824000000,1,4,82303,62695,NGF1
1606690800659532315,1606690800641130127,0,1,111291,T,A,0,2823000000,1,4,82303,62695,NGF1
1606690800659532315,1606690800641130127,0,1,111291,T,A,0,2823000000,1,4,82303,62695,NGF1
1606690800679799689,1606690800661742725,0,1,24512,T,A,0,92000000,4,4,82930,62738,NGH1-NGJ1
1606690800698339610,1606690800682241141,0,1,111291,T,A,0,2823000000,1,4,25038,62768,NGF1
1606690800698388978,1606690800684831507,0,1,111291,T,A,0,2823000000,1,4,19781,62769,NGF1
1606690800698430606,1606690800686189353,0,1,111291,T,A,0,2823000000,14,4,25789,62770,NGF1
1606690800784250012,1606690800774107083,0,1,111291,T,A,0,2823000000,1,4,27952,62790,NGF1
1606690800784250012,1606690800779417023,0,1,111291,T,A,0,2823000000,1,4,27952,62790,NGF1
1606690800895280035,1606690800886608333,0,1,111291,T,A,0,2823000000,1,4,17864,62902,NGF1
1606690800912762030,1606690800910373003,0,1,111291,T,B,0,2827000000,3,4,19566,62924,NGF1
1606690800912762030,1606690800910373003,0,1,111291,T,B,0,2828000000,3,4,19566,62924,NGF1
1606690801016106307,1606690801003789679,0,1,111291,T,A,0,2826000000,2,4,20758,63080,NGF1
1606690801021135961,1606690801007090717,0,1,111291,T,B,0,2827000000,2,4,20202,63110,NGF1
1606690801077011527,1606690801074743353,0,1,111291,T,A,0,2825000000,1,4,21939,63183,NGF1
1606690801457149603,1606690801447332211,0,1,111291,T,A,0,2825000000,1,4,29365,63359,NGF1
1606690801591826811,1606690801590670825,0,1,111291,T,B,0,2826000000,1,4,19651,63442,NGF1
1606690801643586581,1606690801642629951,0,1,111291,T,B,0,2827000000,3,4,18838,63473,NGF1
1606690801904331471,1606690801903521575,0,1,111291,T,A,0,2826000000,1,4,18621,63595,NGF1
1606690802151629069,1606690802150878965,0,1,111291,T,A,0,2826000000,1,4,17912,63617,NGF1
1606690802490075377,1606690802489227593,0,1,111291,T,B,0,2829000000,1,4,18472,63659,NGF1
1606690802584168508,1606690802582721315,0,1,111291,T,B,0,2830000000,2,4,32237,63737,NGF1
1606690803340368421,1606690803296502859,0,1,111291,T,B,0,2832000000,1,4,20041,63800,NGF1
1606690803340368421,1606690803296502859,0,1,111291,T,B,0,2833000000,2,4,20041,63800,NGF1
1606690803340368421,1606690803296502859,0,1,15228,T,N,0,11000000,1,4,20041,63800,NGF1-NGG1
1606690803340368421,1606690803296502859,0,1,111293,T,N,0,2821000000,1,4,20041,63800,NGG1
1606690803512138557,1606690803511072293,0,1,111291,T,B,0,2832000000,2,4,18889,63998,NGF1
1606690803647901354,1606690803646563917,0,1,111291,T,A,0,2827000000,1,132,19360,64027,NGF1
1606690803647901354,1606690803646563917,0,1,111293,T,N,0,2817000000,1,4,19360,64027,NGG1
1606690803647901354,1606690803646563917,0,1,15228,T,N,0,10000000,1,4,19360,64027,NGF1-NGG1
1606690805183754483,1606690805182475045,0,1,111291,T,B,0,2834000000,1,4,29598,64316,NGF1
1606690805693911520,1606690805689933427,0,1,111291,T,A,0,2833000000,1,4,23112,64367,NGF1
1606690805693911520,1606690805689933427,0,1,111291,T,A,0,2832000000,1,4,23112,64367,NGF1
1606690805693911520,1606690805689933427,0,1,111291,T,A,0,2831000000,1,4,23112,64367,NGF1
1606690805693911520,1606690805689933427,0,1,111291,T,A,0,2830000000,1,4,23112,64367,NGF1
1606690805693911520,1606690805689933427,0,1,111291,T,A,0,2827000000,1,4,23112,64367,NGF1
1606690805693911520,1606690805689933427,0,1,15228,T,N,0,10000000,1,4,23112,64367,NGF1-NGG1
1606690805693911520,1606690805689933427,0,1,111293,T,N,0,2820000000,1,4,23112,64367,NGG1
1606690805693911520,1606690805689933427,0,1,111294,T,N,0,2764000000,1,4,23112,64367,NGH1
1606690805693911520,1606690805689933427,0,1,215879,T,N,0,63000000,1,4,23112,64367,NGF1-NGH1
1606690805779131739,1606690805778067627,0,1,111291,T,B,0,2833000000,1,4,17801,64509,NGF1
1606690806075673656,1606690806073528179,0,1,111291,T,B,0,2834000000,1,4,20103,64585,NGF1
1606690807860711275,1606690807858430877,0,1,111291,T,N,0,2834000000,3,4,32008,64622,NGF1
1606690807860711275,1606690807858430877,0,1,111293,T,B,0,2824000000,3,4,32008,64622,NGG1
1606690807860711275,1606690807858430877,0,1,15228,T,N,0,10000000,3,4,32008,64622,NGF1-NGG1
1606690807861892901,1606690807860869177,0,1,111293,T,A,0,2824000000,2,4,20594,64639,NGG1
1606690808308885054,1606690808308133609,0,1,111291,T,A,0,2834000000,2,4,18177,64761,NGF1
1606690809285032107,1606690809283326477,0,1,111291,T,A,0,2832000000,2,4,19495,64800,NGF1
1606690809285032107,1606690809283326477,0,1,111291,T,A,0,2831000000,2,4,19495,64800,NGF1
1606690809286264360,1606690809283329553,0,1,111291,T,A,0,2830000000,2,4,19729,64807,NGF1
1606690809286264360,1606690809283329553,0,1,111293,T,N,0,2820000000,1,4,19729,64807,NGG1
1606690809286264360,1606690809283329553,0,1,15228,T,N,0,10000000,1,4,19729,64807,NGF1-NGG1
1606690809291746594,1606690809283530473,0,1,15228,T,N,0,10000000,1,4,21450,64814,NGF1-NGG1
1606690809291746594,1606690809283530473,0,1,111293,T,N,0,2818000000,1,4,21450,64814,NGG1
1606690809291746594,1606690809283530473,0,1,111291,T,A,0,2828000000,2,4,21450,64814,NGF1
1606690809291746594,1606690809283530473,0,1,111291,T,A,0,2827000000,3,4,21450,64814,NGF1
1606690809291746594,1606690809283530473,0,1,111291,T,A,0,2826000000,3,4,21450,64814,NGF1
1606690809291746594,1606690809283530473,0,1,215879,T,N,0,62000000,1,4,21450,64814,NGF1-NGH1
1606690809291746594,1606690809283530473,0,1,111294,T,N,0,2765000000,1,4,21450,64814,NGH1
1606690809291746594,1606690809283530473,0,1,24441,T,N,0,155000000,1,4,21450,64814,NGF1-NGJ1
1606690809291746594,1606690809283530473,0,1,111296,T,N,0,2672000000,1,4,21450,64814,NGJ1
1606690809291756450,1606690809283530473,0,1,215879,T,A,0,62000000,2,4,17644,64815,NGF1-NGH1
1606690809295496171,1606690809286613927,0,1,111291,T,B,0,2827000000,2,4,19400,64863,NGF1
1606690809298349057,1606690809293004767,0,1,215880,T,B,0,57000000,2,4,21536,64907,NGG1-NGH1
1606690809298349057,1606690809293004767,0,1,215880,T,B,0,58000000,1,4,21536,64907,NGG1-NGH1
1606690809299093232,1606690809293166279,0,1,111291,T,A,0,2826000000,3,4,25818,64908,NGF1
1606690809299093232,1606690809293166279,0,1,111293,T,N,0,2816000000,1,4,25818,64908,NGG1
1606690809299093232,1606690809293166279,0,1,15228,T,N,0,10000000,1,4,25818,64908,NGF1-NGG1
1606690809305394928,1606690809303124539,0,1,15228,T,N,0,10000000,1,4,19029,65008,NGF1-NGG1
1606690809305394928,1606690809303124539,0,1,111293,T,B,0,2816000000,1,132,19029,65008,NGG1
1606690809305394928,1606690809303124539,0,1,111291,T,N,0,2826000000,1,4,19029,65008,NGF1
1606690809395962978,1606690809387721389,0,1,111291,T,A,0,2825000000,1,4,19012,65091,NGF1
1606690809909784981,1606690809906462797,0,1,111291,T,N,0,2827000000,1,4,20972,65201,NGF1
1606690809909784981,1606690809906462797,0,1,111291,T,N,0,2828000000,4,4,20972,65201,NGF1
1606690809909784981,1606690809906462797,0,1,111293,T,B,0,2817000000,1,4,20972,65201,NGG1
1606690809909784981,1606690809906462797,0,1,111293,T,B,0,2818000000,4,132,20972,65201,NGG1
1606690809909784981,1606690809906462797,0,1,15228,T,N,0,10000000,5,4,20972,65201,NGF1-NGG1
1606690812190090319,1606690812187749065,0,1,111291,T,B,0,2828000000,5,4,21491,65314,NGF1
1606690813627516311,1606690813623078539,0,1,111291,T,A,0,2826000000,4,4,31100,65388,NGF1
1606690814029274338,1606690814028109275,0,1,111291,T,B,0,2828000000,1,4,23288,65473,NGF1
1606690814031497486,1606690814030679487,0,1,111291,T,B,0,2828000000,17,4,19070,65500,NGF1
1606690814032996431,1606690814031558953,0,1,111291,T,B,0,2829000000,2,4,17841,65525,NGF1
1606690814040992492,1606690814032340809,0,1,111294,T,B,0,2764000000,1,4,17615,65545,NGH1
1606690814046834517,1606690814045045681,0,1,111291,T,B,0,2828000000,16,4,17031,65620,NGF1
1606690814403811643,1606690814402150669,0,1,111291,T,B,0,2828000000,8,4,19929,65793,NGF1
1606690814403811643,1606690814402150669,0,1,111291,T,B,0,2829000000,14,4,19929,65793,NGF1
1606690814414782215,1606690814403931617,0,1,111291,T,B,0,2829000000,2,4,18589,65816,NGF1
1606690814420974539,1606690814418858461,0,1,111291,T,A,0,2829000000,4,4,19001,65908,NGF1
1606690814420974539,1606690814418858461,0,1,111291,T,A,0,2828000000,4,4,19001,65908,NGF1
1606690814423665234,1606690814422104203,0,1,111291,T,A,0,2828000000,1,4,17557,65947,NGF1
1606690814433506243,1606690814424494117,0,1,111291,T,A,0,2826000000,3,4,19893,65966,NGF1
1606690814433506243,1606690814424494117,0,1,111291,T,A,0,2825000000,3,4,19893,65966,NGF1
1606690814433506243,1606690814424494117,0,1,111291,T,A,0,2824000000,2,4,19893,65966,NGF1
1606690814433506243,1606690814424494117,0,1,15228,T,N,0,10000000,3,4,19893,65966,NGF1-NGG1
1606690814433506243,1606690814424494117,0,1,111293,T,N,0,2816000000,1,4,19893,65966,NGG1
1606690814433506243,1606690814424494117,0,1,111293,T,N,0,2815000000,2,4,19893,65966,NGG1
1606690814433528899,1606690814424494117,0,1,111293,T,N,0,2814000000,1,4,18875,65967,NGG1
1606690814433528899,1606690814424494117,0,1,111293,T,N,0,2813000000,1,4,18875,65967,NGG1
1606690814433528899,1606690814424494117,0,1,15228,T,N,0,10000000,2,4,18875,65967,NGF1-NGG1
1606690814433528899,1606690814424494117,0,1,111291,T,A,0,2824000000,1,4,18875,65967,NGF1
1606690814433528899,1606690814424494117,0,1,111291,T,A,0,2823000000,29,4,18875,65967,NGF1
1606690814433528899,1606690814424494117,0,1,111294,T,N,0,2761000000,2,4,18875,65967,NGH1
1606690814433528899,1606690814424494117,0,1,215879,T,N,0,62000000,2,4,18875,65967,NGF1-NGH1
1606690814433651563,1606690814424494117,0,1,111294,T,A,0,2760000000,1,4,21738,65968,NGH1
1606690814433651563,1606690814424494117,0,1,111294,T,A,0,2759000000,1,4,21738,65968,NGH1
1606690814436031331,1606690814433534033,0,1,111291,T,A,0,2826000000,1,4,19197,66026,NGF1
1606690814441258773,1606690814439132147,0,1,111293,T,B,0,2816000000,1,4,19832,66134,NGG1
1606690814494163157,1606690814493495547,0,1,111291,T,A,0,2824000000,2,4,17889,66178,NGF1
1606690815868409957,1606690815866539307,0,1,111291,T,A,0,2826000000,2,4,23262,66573,NGF1
1606690815868409957,1606690815866539307,0,1,111293,T,N,0,2816000000,1,4,23262,66573,NGG1
1606690815868409957,1606690815866539307,0,1,15228,T,N,0,10000000,1,4,23262,66573,NGF1-NGG1
1606690816036250517,1606690816035567253,0,1,111291,T,B,0,2827000000,1,4,17628,66686,NGF1
1606690816765818808,1606690816761396437,0,1,111291,T,N,0,2827000000,1,4,21362,66736,NGF1
1606690816765818808,1606690816761396437,0,1,111293,T,N,0,2817000000,1,4,21362,66736,NGG1
1606690816765818808,1606690816761396437,0,1,111294,T,N,0,2764000000,1,4,21362,66736,NGH1
1606690816765818808,1606690816761396437,0,1,111296,T,B,0,2674000000,2,4,21362,66736,NGJ1
1606690816765818808,1606690816761396437,0,1,111296,T,B,0,2675000000,1,4,21362,66736,NGJ1
1606690816765818808,1606690816761396437,0,1,111296,T,B,0,2676000000,2,4,21362,66736,NGJ1
1606690816765818808,1606690816761396437,0,1,24441,T,N,0,151000000,1,4,21362,66736,NGF1-NGJ1
1606690816765818808,1606690816761396437,0,1,24512,T,N,0,90000000,1,4,21362,66736,NGH1-NGJ1
1606690816765818808,1606690816761396437,0,1,24463,T,N,0,142000000,1,4,21362,66736,NGG1-NGJ1
1606690816767596796,1606690816766352161,0,1,215880,T,A,0,53000000,1,4,18627,66762,NGG1-NGH1
1606690816768401095,1606690816766449661,0,1,15228,T,A,0,10000000,1,4,18565,66768,NGF1-NGG1
1606690816930501782,1606690816927944981,0,1,111291,T,A,0,2826000000,1,4,19799,66833,NGF1
1606690817578216588,1606690817575210795,0,1,15228,T,A,0,10000000,9,4,18305,66867,NGF1-NGG1
1606690817579592830,1606690817578225963,0,1,15228,T,A,0,10000000,6,4,18247,66869,NGF1-NGG1
1606690817582491592,1606690817581243225,0,1,15228,T,B,0,11000000,5,4,18271,66877,NGF1-NGG1
1606690817588223717,1606690817587375917,0,1,15228,T,A,0,10000000,2,4,18232,66881,NGF1-NGG1
1606690818645585248,1606690818644301005,0,1,111291,T,A,0,2826000000,2,4,18170,66931,NGF1
1606690820596946061,1606690820595349855,0,1,111291,T,B,0,2827000000,1,4,18615,67029,NGF1
1606690821239411073,1606690821238557681,0,1,111291,T,B,0,2826000000,1,4,17602,67077,NGF1
1606690821337000974,1606690821335406527,0,1,111291,T,B,0,2826000000,1,4,18054,67100,NGF1
1606690821990857548,1606690821984883271,0,1,111296,T,N,0,2671000000,1,4,28590,67122,NGJ1
1606690821990857548,1606690821984883271,0,1,10746,T,N,0,-74000000,1,4,28590,67122,NGM1-NGQ1
1606690821990857548,1606690821984883271,0,1,10746,T,N,0,-72000000,1,4,28590,67122,NGM1-NGQ1
1606690821990857548,1606690821984883271,0,1,10725,T,N,0,-111000000,1,4,28590,67122,NGK1-NGQ1
1606690821990857548,1606690821984883271,0,1,10712,T,N,0,-104000000,1,4,28590,67122,NGJ1-NGQ1
1606690821990857548,1606690821984883271,0,1,41956,T,N,0,-27000000,1,4,28590,67122,NGQ1-NGV1
1606690821990857548,1606690821984883271,0,1,111311,T,N,0,2802000000,1,4,28590,67122,NGV1
1606690821990857548,1606690821984883271,0,1,111303,T,A,0,2778000000,1,4,28590,67122,NGQ1
1606690821990857548,1606690821984883271,0,1,111303,T,A,0,2777000000,2,4,28590,67122,NGQ1
1606690821990857548,1606690821984883271,0,1,111303,T,A,0,2775000000,3,4,28590,67122,NGQ1
1606690821990857548,1606690821984883271,0,1,111299,T,N,0,2704000000,1,4,28590,67122,NGM1
1606690821990857548,1606690821984883271,0,1,111299,T,N,0,2703000000,1,4,28590,67122,NGM1
1606690821990857548,1606690821984883271,0,1,111298,T,N,0,2666000000,1,4,28590,67122,NGK1
1606690821993868991,1606690821991148583,0,1,111303,T,N,0,2775000000,1,4,19645,67144,NGQ1
1606690821993868991,1606690821991148583,0,1,19456,T,N,0,-358000000,1,4,19645,67144,NGQ1-NGF2
1606690821993868991,1606690821991148583,0,1,143984,T,B,0,3133000000,1,132,19645,67144,NGF2
1606690821996485946,1606690821991555661,0,1,111303,T,B,0,2775000000,1,4,17568,67188,NGQ1
1606690821997159196,1606690821993037469,0,1,204979,T,B,0,6000000,1,4,21218,67199,NGJ1-NGK1
1606690821997202260,1606690821993043907,0,1,121372,T,B,0,-37000000,1,4,18172,67201,NGK1-NGM1
1606690821997471256,1606690821993599751,0,1,121372,T,B,0,-37000000,1,4,17769,67212,NGK1-NGM1
1606690822010800831,1606690821993605935,0,1,15052,T,B,0,-21000000,1,4,20430,67214,NGN1-NGQ1
1606690822011916741,1606690821995952897,0,1,111303,T,B,0,2775000000,1,4,18758,67241,NGQ1
1606690822012082268,1606690821995965711,0,1,282784,T,A,0,4000000,1,4,20088,67244,NGQ1-NGU1
1606690822012100508,1606690821995972007,0,1,158327,T,A,0,-255000000,1,4,18944,67245,NGU1-NGZ1
1606690822012113780,1606690821995973311,0,1,111298,T,A,0,2665000000,1,4,18204,67246,NGK1
1606690822012328932,1606690821995980219,0,1,121372,T,B,0,-37000000,1,4,18971,67251,NGK1-NGM1
1606690822012345020,1606690821995996035,0,1,15052,T,B,0,-21000000,1,4,18161,67252,NGN1-NGQ1
1606690822022280053,1606690822020076179,0,1,111303,T,N,0,2775000000,1,4,18832,67321,NGQ1
1606690822022280053,1606690822020076179,0,1,111311,T,N,0,2801000000,1,4,18832,67321,NGV1
1606690822022280053,1606690822020076179,0,1,41956,T,B,0,-26000000,1,132,18832,67321,NGQ1-NGV1
1606690822033774580,1606690822030785277,0,1,282784,T,A,0,4000000,1,4,17765,67380,NGQ1-NGU1
1606690822287980087,1606690822279662877,0,1,121372,T,N,0,-38000000,1,4,28882,67446,NGK1-NGM1
1606690822287980087,1606690822279662877,0,1,204979,T,A,0,4000000,1,132,28882,67446,NGJ1-NGK1
1606690822287980087,1606690822279662877,0,1,43150,T,N,0,42000000,1,4,28882,67446,NG:BF J1-K1-M1
1606690822381681311,1606690822380071431,0,1,204979,T,N,0,6000000,1,4,18685,67455,NGJ1-NGK1
1606690822381681311,1606690822380071431,0,1,111298,T,N,0,2669000000,1,4,18685,67455,NGK1
1606690822381681311,1606690822380071431,0,1,111296,T,B,0,2675000000,1,4,18685,67455,NGJ1
1606690822383100685,1606690822381691985,0,1,111296,T,N,0,2675000000,1,4,18625,67461,NGJ1
1606690822383100685,1606690822381691985,0,1,111298,T,A,0,2668000000,1,132,18625,67461,NGK1
1606690822383100685,1606690822381691985,0,1,204979,T,N,0,7000000,1,4,18625,67461,NGJ1-NGK1
1606690822383807624,1606690822382072269,0,1,111296,T,A,0,2675000000,3,4,18694,67472,NGJ1
1606690823659894755,1606690823657028421,0,1,24512,T,A,0,87000000,3,4,21627,68180,NGH1-NGJ1
1606690823659922706,1606690823657028421,0,1,24512,T,A,0,84000000,1,4,24566,68181,NGH1-NGJ1
1606690824773870178,1606690824772578343,0,1,111291,T,B,0,2826000000,2,4,18302,68376,NGF1
1606690824774818068,1606690824773975513,0,1,111291,T,B,0,2826000000,1,4,18125,68382,NGF1
1606690824998853171,1606690824997586227,0,1,111291,T,A,0,2826000000,1,4,19987,69176,NGF1
1606690825648153058,1606690825647119061,0,1,111291,T,B,0,2827000000,4,4,19286,69203,NGF1
1606690826475833060,1606690826474487313,0,1,111291,T,B,0,2828000000,1,4,25819,69485,NGF1
1606690826476969458,1606690826475942917,0,1,111291,T,B,0,2828000000,1,4,17965,69490,NGF1
1606690826695052657,1606690826694007717,0,1,111291,T,B,0,2829000000,2,4,18585,69523,NGF1
1606690826695748355,1606690826695123569,0,1,111291,T,B,0,2829000000,3,4,17966,69536,NGF1
1606690826697362676,1606690826696413591,0,1,111291,T,A,0,2830000000,3,4,17902,69569,NGF1
1606690826697526548,1606690826696415819,0,1,111291,T,A,0,2830000000,1,4,17511,69573,NGF1
1606690826699843268,1606690826697538503,0,1,111291,T,A,0,2830000000,1,4,17345,69603,NGF1
1606690826702972286,1606690826699852899,0,1,111293,T,A,0,2819000000,1,4,18559,69658,NGG1
1606690826939031159,1606690826938132301,0,1,111291,T,A,0,2827000000,1,4,17607,69787,NGF1
1606690827055822791,1606690827053217009,0,1,111291,T,A,0,2827000000,2,4,18906,69850,NGF1
1606690827055822791,1606690827053217009,0,1,111293,T,N,0,2817000000,1,4,18906,69850,NGG1
1606690827055822791,1606690827053217009,0,1,15228,T,N,0,10000000,1,4,18906,69850,NGF1-NGG1
1606690827426016488,1606690827425435685,0,1,111291,T,B,0,2830000000,1,4,17944,69963,NGF1
1606690827694949602,1606690827694246859,0,1,111291,T,B,0,2831000000,1,4,18457,69994,NGF1
1606690828233271558,1606690828232547201,0,1,111296,T,B,0,2678000000,2,4,18488,70019,NGJ1
1606690828234853427,1606690828232662619,0,1,24512,T,A,0,86000000,2,4,17935,70033,NGH1-NGJ1
1606690828236467092,1606690828235709093,0,1,24512,T,A,0,86000000,2,4,18333,70080,NGH1-NGJ1
1606690828461473829,1606690828460859269,0,1,111291,T,A,0,2826000000,1,4,18927,70159,NGF1
1606690828622543171,1606690828621925383,0,1,111291,T,A,0,2826000000,2,4,18663,70172,NGF1
1606690829114767551,1606690829112058527,0,1,111296,T,B,0,2680000000,2,4,25618,70298,NGJ1
1606690829114767551,1606690829112058527,0,1,204979,T,N,0,6000000,1,4,25618,70298,NGJ1-NGK1
1606690829114767551,1606690829112058527,0,1,111298,T,N,0,2674000000,1,4,25618,70298,NGK1
1606690829116125073,1606690829114816383,0,1,111296,T,A,0,2680000000,3,4,18718,70316,NGJ1
1606690829484306462,1606690829483605027,0,1,111291,T,A,0,2826000000,1,4,19985,70888,NGF1
1606690831120375512,1606690831119534091,0,1,111291,T,A,0,2826000000,2,4,18389,70939,NGF1
1606690831302676083,1606690831302103713,0,1,111291,T,B,0,2830000000,2,4,25115,70944,NGF1
1606690831664055151,1606690831663230911,0,1,24512,T,A,0,85000000,2,4,19033,70967,NGH1-NGJ1
1606690832443149423,1606690832442212715,0,1,111291,T,B,0,2831000000,1,4,18049,71183,NGF1
1606690832453854818,1606690832452169449,0,1,111296,T,B,0,2681000000,2,4,19281,71229,NGJ1
1606690832453854818,1606690832452169449,0,1,111298,T,N,0,2675000000,1,4,19281,71229,NGK1
1606690832453854818,1606690832452169449,0,1,204979,T,N,0,6000000,1,4,19281,71229,NGJ1-NGK1
1606690832454744716,1606690832452506735,0,1,111291,T,B,0,2832000000,1,4,17740,71242,NGF1
1606690832458142686,1606690832454125889,0,1,111298,T,B,0,2675000000,1,4,18445,71304,NGK1
1606690832458572081,1606690832454798221,0,1,111291,T,B,0,2833000000,2,4,18307,71314,NGF1
1606690832465514600,1606690832458152763,0,1,24512,T,B,0,85000000,1,4,17659,71456,NGH1-NGJ1
1606690833668503036,1606690833667534613,0,1,111291,T,B,0,2833000000,1,4,20940,72367,NGF1
1606690834046178687,1606690834043682613,0,1,111291,T,B,0,2834000000,1,4,22982,72381,NGF1
1606690834046644250,1606690834043686091,0,1,111291,T,B,0,2834000000,1,132,23997,72385,NGF1
1606690834046644250,1606690834043686091,0,1,111294,T,N,0,2768000000,1,4,23997,72385,NGH1
1606690834046644250,1606690834043686091,0,1,215879,T,N,0,66000000,1,4,23997,72385,NGF1-NGH1
1606690834047780840,1606690834044205889,0,1,24512,T,B,0,85000000,3,4,24363,72406,NGH1-NGJ1
1606690834050212591,1606690834047026909,0,1,15228,T,B,0,11000000,11,4,26910,72442,NGF1-NGG1
1606690834074593842,1606690834073385545,0,1,15228,T,A,0,11000000,5,4,19089,72561,NGF1-NGG1
1606690834074593842,1606690834073385545,0,1,15228,T,A,0,10000000,3,4,19089,72561,NGF1-NGG1
1606690834741111741,1606690834740146815,0,1,111291,T,A,0,2834000000,1,4,18045,73087,NGF1
1606690835792313267,1606690835791708157,0,1,111291,T,A,0,2833000000,5,4,18218,73322,NGF1
1606690835792901218,1606690835792325609,0,1,111291,T,A,0,2833000000,1,4,18294,73327,NGF1
1606690835793278029,1606690835792496697,0,1,111296,T,A,0,2682000000,3,4,18432,73337,NGJ1
1606690835794932982,1606690835793303103,0,1,111296,T,A,0,2682000000,2,4,22740,73366,NGJ1
1606690835808782808,1606690835806652069,0,1,111298,T,A,0,2675000000,1,4,21899,73669,NGK1
1606690835957809276,1606690835957106657,0,1,111296,T,B,0,2683000000,1,4,18061,73923,NGJ1
1606690836008865221,1606690836006654791,0,1,111296,T,N,0,2680000000,1,4,19460,73925,NGJ1
1606690836008865221,1606690836006654791,0,1,111298,T,A,0,2674000000,2,4,19460,73925,NGK1
1606690836008865221,1606690836006654791,0,1,204979,T,N,0,6000000,1,4,19460,73925,NGJ1-NGK1
1606690836308980669,1606690836308045917,0,1,111291,T,A,0,2831000000,6,4,20302,74203,NGF1
1606690836308980669,1606690836308045917,0,1,111291,T,A,0,2829000000,2,4,20302,74203,NGF1
1606690836311719948,1606690836308990665,0,1,15228,T,A,0,11000000,10,4,17903,74231,NGF1-NGG1
1606690836826562932,1606690836825249099,0,1,111291,T,B,0,2831000000,1,4,17626,74386,NGF1
1606690836827745606,1606690836827023291,0,1,111291,T,B,0,2831000000,1,4,18235,74413,NGF1
1606690838627243588,1606690838626230895,0,1,111291,T,A,0,2831000000,3,4,35093,74518,NGF1
1606690839628792404,1606690839627012893,0,1,111291,T,A,0,2830000000,2,4,22592,74574,NGF1
1606690839628792404,1606690839627012893,0,1,111291,T,A,0,2829000000,1,4,22592,74574,NGF1
1606690839681289249,1606690839680532559,0,1,111291,T,A,0,2829000000,1,4,17726,74582,NGF1
1606690841430736952,1606690841429918065,0,1,111291,T,A,0,2831000000,1,4,17902,74611,NGF1
1606690842350426767,1606690842348161027,0,1,24512,T,A,0,87000000,1,4,20361,74732,NGH1-NGJ1
1606690842942761678,1606690842941745349,0,1,111291,T,B,0,2832000000,1,4,23900,74741,NGF1
1606690845547090346,1606690845536575771,0,1,111291,T,B,0,2832000000,2,4,30801,74881,NGF1
1606690845547090346,1606690845536575771,0,1,111291,T,B,0,2833000000,6,4,30801,74881,NGF1
1606690845547090346,1606690845536575771,0,1,111291,T,B,0,2834000000,4,4,30801,74881,NGF1
1606690845547090346,1606690845536575771,0,1,111291,T,B,0,2835000000,1,4,30801,74881,NGF1
1606690845547090346,1606690845536575771,0,1,111291,T,B,0,2836000000,4,4,30801,74881,NGF1
1606690845547090346,1606690845536575771,0,1,111291,T,B,0,2837000000,9,4,30801,74881,NGF1
1606690845547090346,1606690845536575771,0,1,15228,T,N,0,12000000,7,4,30801,74881,NGF1-NGG1
1606690845547090346,1606690845536575771,0,1,215879,T,N,0,68000000,5,4,30801,74881,NGF1-NGH1
1606690845547090346,1606690845536575771,0,1,111294,T,N,0,2769000000,1,4,30801,74881,NGH1
1606690845547090346,1606690845536575771,0,1,111293,T,N,0,2824000000,1,4,30801,74881,NGG1
1606690845547090346,1606690845536575771,0,1,111293,T,N,0,2825000000,2,4,30801,74881,NGG1
1606690845547100642,1606690845536575771,0,1,111293,T,N,0,2826000000,1,4,21100,74882,NGG1
1606690845547100642,1606690845536575771,0,1,111293,T,N,0,2827000000,2,4,21100,74882,NGG1
1606690845547100642,1606690845536575771,0,1,111293,T,N,0,2830000000,1,4,21100,74882,NGG1
1606690845547100642,1606690845536575771,0,1,111294,T,N,0,2770000000,1,4,21100,74882,NGH1
1606690845547100642,1606690845536575771,0,1,111294,T,N,0,2771000000,2,4,21100,74882,NGH1
1606690845547100642,1606690845536575771,0,1,111294,T,N,0,2772000000,1,4,21100,74882,NGH1
1606690845547100642,1606690845536575771,0,1,111294,T,N,0,2773000000,1,4,21100,74882,NGH1
1606690845547100642,1606690845536575771,0,1,111294,T,N,0,2775000000,1,4,21100,74882,NGH1
1606690845547100642,1606690845536575771,0,1,215879,T,N,0,69000000,2,4,21100,74882,NGF1-NGH1
1606690845547100642,1606690845536575771,0,1,111291,T,B,0,2838000000,4,4,21100,74882,NGF1
1606690845547100642,1606690845536575771,0,1,111291,T,B,0,2839000000,5,4,21100,74882,NGF1
1606690845547100642,1606690845536575771,0,1,111291,T,B,0,2840000000,1,4,21100,74882,NGF1
1606690845547100642,1606690845536575771,0,1,111291,T,B,0,2841000000,2,4,21100,74882,NGF1
1606690845547100642,1606690845536575771,0,1,111291,T,B,0,2842000000,2,4,21100,74882,NGF1
1606690845547100642,1606690845536575771,0,1,111291,T,B,0,2844000000,1,4,21100,74882,NGF1
1606690845547100642,1606690845536575771,0,1,111296,T,N,0,2682000000,1,4,21100,74882,NGJ1
1606690845547100642,1606690845536575771,0,1,24441,T,N,0,159000000,1,4,21100,74882,NGF1-NGJ1
1606690845552276669,1606690845536575771,0,1,111291,T,B,0,2845000000,1,4,19286,74883,NGF1
1606690845557060444,1606690845547679021,0,1,24512,T,B,0,88000000,2,4,22630,74993,NGH1-NGJ1
1606690845558210162,1606690845548730001,0,1,215880,T,B,0,56000000,1,4,17995,75018,NGG1-NGH1
1606690845558230974,1606690845548826903,0,1,15228,T,B,0,12000000,1,4,18044,75020,NGF1-NGG1
1606690845558789585,1606690845552465089,0,1,111291,T,A,0,2844000000,1,4,16765,75035,NGF1
1606690845558902648,1606690845552466325,0,1,111291,T,A,0,2844000000,6,4,17546,75037,NGF1
1606690845559015180,1606690845552466661,0,1,15228,T,A,0,11000000,5,4,17888,75039,NGF1-NGG1
1606690845559069096,1606690845552468635,0,1,111291,T,A,0,2844000000,4,4,17475,75042,NGF1
1606690845559778511,1606690845552479207,0,1,111291,T,B,0,2846000000,4,4,19248,75057,NGF1
1606690845559778511,1606690845552479207,0,1,111291,T,B,0,2847000000,1,4,19248,75057,NGF1
1606690845559778511,1606690845552479207,0,1,15228,T,N,0,12000000,1,4,19248,75057,NGF1-NGG1
1606690845559778511,1606690845552479207,0,1,215879,T,N,0,69000000,1,4,19248,75057,NGF1-NGH1
1606690845559778511,1606690845552479207,0,1,111294,T,N,0,2777000000,1,4,19248,75057,NGH1
1606690845559778511,1606690845552479207,0,1,111293,T,N,0,2835000000,1,4,19248,75057,NGG1
1606690845559778511,1606690845552479207,0,1,143984,T,N,0,3149000000,1,4,19248,75057,NGF2
1606690845559778511,1606690845552479207,0,1,18766,T,N,0,-303000000,1,4,19248,75057,NGF1-NGF2
1606690845561379560,1606690845553007603,0,1,111296,T,B,0,2681000000,1,4,19059,75093,NGJ1
1606690845561379560,1606690845553007603,0,1,111296,T,B,0,2682000000,1,4,19059,75093,NGJ1
1606690845561379560,1606690845553007603,0,1,204979,T,N,0,6000000,1,4,19059,75093,NGJ1-NGK1
1606690845561379560,1606690845553007603,0,1,111298,T,N,0,2675000000,1,4,19059,75093,NGK1
1606690845561678239,1606690845553108655,0,1,111291,T,A,0,2844000000,15,4,18074,75101,NGF1
1606690845566460506,1606690845553567871,0,1,111291,T,A,0,2844000000,8,4,16936,75204,NGF1
1606690845566581274,1606690845553710401,0,1,111291,T,A,0,2844000000,14,4,18920,75206,NGF1
1606690845568245323,1606690845555792913,0,1,111291,T,A,0,2844000000,1,4,24059,75240,NGF1
1606690845568245323,1606690845555792913,0,1,111291,T,A,0,2843000000,1,4,24059,75240,NGF1
1606690845568245323,1606690845555792913,0,1,111291,T,A,0,2840000000,1,4,24059,75240,NGF1
1606690845568245323,1606690845555792913,0,1,111291,T,A,0,2839000000,1,4,24059,75240,NGF1
1606690845568245323,1606690845555792913,0,1,111291,T,A,0,2837000000,1,4,24059,75240,NGF1
1606690845568245323,1606690845555792913,0,1,111291,T,A,0,2835000000,1,4,24059,75240,NGF1
1606690845568245323,1606690845555792913,0,1,111291,T,A,0,2834000000,3,4,24059,75240,NGF1
1606690845568245323,1606690845555792913,0,1,111291,T,A,0,2832000000,3,4,24059,75240,NGF1
1606690845568245323,1606690845555792913,0,1,111291,T,A,0,2831000000,4,4,24059,75240,NGF1
1606690845568245323,1606690845555792913,0,1,111293,T,N,0,2829000000,1,4,24059,75240,NGG1
1606690845568245323,1606690845555792913,0,1,111293,T,N,0,2828000000,1,4,24059,75240,NGG1
1606690845568245323,1606690845555792913,0,1,111293,T,N,0,2826000000,1,4,24059,75240,NGG1
1606690845568245323,1606690845555792913,0,1,111293,T,N,0,2823000000,1,4,24059,75240,NGG1
1606690845568245323,1606690845555792913,0,1,111293,T,N,0,2821000000,1,4,24059,75240,NGG1
1606690845568245323,1606690845555792913,0,1,111293,T,N,0,2820000000,2,4,24059,75240,NGG1
1606690845568245323,1606690845555792913,0,1,111294,T,N,0,2771000000,1,4,24059,75240,NGH1
1606690845568245323,1606690845555792913,0,1,111294,T,N,0,2770000000,2,4,24059,75240,NGH1
1606690845568245323,1606690845555792913,0,1,215879,T,N,0,64000000,3,4,24059,75240,NGF1-NGH1
1606690845568245323,1606690845555792913,0,1,15228,T,N,0,11000000,7,4,24059,75240,NGF1-NGG1
1606690845569019717,1606690845556216455,0,1,111293,T,B,0,2832000000,1,132,23297,75258,NGG1
1606690845569019717,1606690845556216455,0,1,111299,T,N,0,2713000000,1,4,23297,75258,NGM1
1606690845569019717,1606690845556216455,0,1,121175,T,N,0,119000000,1,4,23297,75258,NGG1-NGM1
1606690845569226373,1606690845556348295,0,1,126661,T,B,0,67000000,2,4,18497,75264,NGF2-NGG2
1606690845569226373,1606690845556348295,0,1,17902,T,N,0,-170000000,1,4,18497,75264,NG:BF Z1-F2-G2
1606690845569226373,1606690845556348295,0,1,17356,T,N,0,-103000000,1,4,18497,75264,NGZ1-NGF2
1606690845570413647,1606690845556442975,0,1,215880,T,B,0,56000000,1,4,17801,75289,NGG1-NGH1
1606690845572916818,1606690845556557945,0,1,15228,T,B,0,12000000,1,4,18911,75336,NGF1-NGG1
1606690845573059370,1606690845556720241,0,1,111291,T,B,0,2844000000,2,4,18485,75340,NGF1
1606690845573739440,1606690845557794593,0,1,215879,T,B,0,70000000,2,4,19365,75360,NGF1-NGH1
1606690845573768724,1606690845557798013,0,1,24512,T,B,0,89000000,2,4,19351,75362,NGH1-NGJ1
1606690845573910548,1606690845558016389,0,1,15228,T,B,0,12000000,1,4,17437,75365,NGF1-NGG1
1606690845573974428,1606690845558212697,0,1,24512,T,A,0,88000000,1,4,17641,75369,NGH1-NGJ1
1606690845577562913,1606690845560747445,0,1,111293,T,N,0,2831000000,1,4,17845,75468,NGG1
1606690845577562913,1606690845560747445,0,1,111298,T,N,0,2678000000,1,4,17845,75468,NGK1
1606690845577562913,1606690845560747445,0,1,204962,T,A,0,153000000,1,132,17845,75468,NGG1-NGK1
1606690845579425822,1606690845561707147,0,1,111291,T,B,0,2843000000,1,4,19861,75507,NGF1
1606690845583750701,1606690845565170169,0,1,24512,T,N,0,91000000,1,4,19353,75617,NGH1-NGJ1
1606690845583750701,1606690845565170169,0,1,111294,T,N,0,2774000000,1,4,19353,75617,NGH1
1606690845583750701,1606690845565170169,0,1,111296,T,A,0,2683000000,1,132,19353,75617,NGJ1
1606690845584329612,1606690845566061601,0,1,15228,T,A,0,11000000,2,4,21380,75633,NGF1-NGG1
1606690845591155643,1606690845572401487,0,1,15228,T,B,0,11000000,1,4,20895,75787,NGF1-NGG1
1606690845593165676,1606690845574431993,0,1,111294,T,N,0,2774000000,1,4,18140,75846,NGH1
1606690845593165676,1606690845574431993,0,1,111293,T,A,0,2831000000,1,132,18140,75846,NGG1
1606690845593165676,1606690845574431993,0,1,215880,T,N,0,57000000,1,4,18140,75846,NGG1-NGH1
1606690845598933649,1606690845579300321,0,1,111291,T,A,0,2837000000,1,4,17050,75989,NGF1
1606690845616756527,1606690845589867749,0,1,111291,T,A,0,2837000000,4,4,20172,76381,NGF1
1606690845616756527,1606690845589867749,0,1,111291,T,A,0,2835000000,1,4,20172,76381,NGF1
1606690845616756527,1606690845589867749,0,1,111291,T,A,0,2833000000,1,4,20172,76381,NGF1
1606690845616756527,1606690845589867749,0,1,111291,T,A,0,2831000000,1,4,20172,76381,NGF1
1606690845616756527,1606690845589867749,0,1,111294,T,N,0,2771000000,1,4,20172,76381,NGH1
1606690845616756527,1606690845589867749,0,1,111294,T,N,0,2770000000,1,4,20172,76381,NGH1
1606690845616756527,1606690845589867749,0,1,215879,T,N,0,64000000,1,4,20172,76381,NGF1-NGH1
1606690845616756527,1606690845589867749,0,1,215879,T,N,0,63000000,1,4,20172,76381,NGF1-NGH1
1606690845622053729,1606690845595927097,0,1,121372,T,B,0,-37000000,2,4,17778,76547,NGK1-NGM1
1606690845623493734,1606690845596644395,0,1,24512,T,A,0,90000000,1,4,17543,76600,NGH1-NGJ1
1606690845623550530,1606690845596718661,0,1,215880,T,A,0,58000000,1,4,16886,76603,NGG1-NGH1
1606690845637054877,1606690845608051233,0,1,111291,T,B,0,2842000000,1,4,18535,76956,NGF1
1606690845655617522,1606690845632133141,0,1,111291,T,B,0,2841000000,1,4,26245,77423,NGF1
1606690847192142739,1606690847189176261,0,1,121372,T,N,0,-38000000,1,4,24480,79140,NGK1-NGM1
1606690847192142739,1606690847189176261,0,1,111298,T,N,0,2676000000,1,4,24480,79140,NGK1
1606690847192142739,1606690847189176261,0,1,111299,T,B,0,2713000000,1,4,24480,79140,NGM1
1606690847192142739,1606690847189176261,0,1,111299,T,B,0,2714000000,1,4,24480,79140,NGM1
1606690848328121000,1606690848327115343,0,1,111291,T,A,0,2839000000,1,4,20152,79941,NGF1
1606690848645827031,1606690848645269335,0,1,111291,T,A,0,2837000000,1,4,23091,80016,NGF1
1606690849516275619,1606690849515601575,0,1,111291,T,B,0,2840000000,1,4,17799,80096,NGF1
1606690849572098581,1606690849570712439,0,1,111298,T,N,0,2679000000,1,4,18902,80108,NGK1
1606690849572098581,1606690849570712439,0,1,111296,T,B,0,2685000000,1,4,18902,80108,NGJ1
1606690849572098581,1606690849570712439,0,1,204979,T,N,0,6000000,1,4,18902,80108,NGJ1-NGK1
1606690849574179254,1606690849572441973,0,1,111296,T,N,0,2685000000,1,4,18084,80127,NGJ1
1606690849574179254,1606690849572441973,0,1,24512,T,N,0,88000000,1,4,18084,80127,NGH1-NGJ1
1606690849574179254,1606690849572441973,0,1,111294,T,A,0,2773000000,1,132,18084,80127,NGH1
1606690849575925422,1606690849572455355,0,1,111296,T,N,0,2685000000,4,4,18963,80129,NGJ1
1606690849575925422,1606690849572455355,0,1,204979,T,N,0,6000000,4,4,18963,80129,NGJ1-NGK1
1606690849575925422,1606690849572455355,0,1,111298,T,A,0,2679000000,4,132,18963,80129,NGK1
1606690849783316879,1606690849772457481,0,1,111298,T,A,0,2679000000,1,132,20531,80250,NGK1
1606690849783316879,1606690849772457481,0,1,204979,T,N,0,6000000,1,4,20531,80250,NGJ1-NGK1
1606690849783316879,1606690849772457481,0,1,111296,T,N,0,2685000000,1,4,20531,80250,NGJ1
1606690850520439927,1606690850518708177,0,1,204979,T,B,0,6000000,1,4,18807,80261,NGJ1-NGK1
1606690850520439927,1606690850518708177,0,1,121372,T,N,0,-37000000,1,4,18807,80261,NGK1-NGM1
1606690850520439927,1606690850518708177,0,1,43150,T,N,0,43000000,1,4,18807,80261,NG:BF J1-K1-M1
1606690851095739306,1606690851095208243,0,1,111291,T,B,0,2840000000,1,4,17913,80273,NGF1
1606690851123717170,1606690851121936583,0,1,19540,T,B,0,-331000000,1,4,18129,80307,NGV1-NGF2
1606690851367211574,1606690851365319825,0,1,19540,T,B,0,-331000000,1,4,18841,80334,NGV1-NGF2
1606690851614482379,1606690851613754957,0,1,19540,T,B,0,-331000000,1,4,23300,80340,NGV1-NGF2
1606690851866828211,1606690851866178423,0,1,19540,T,B,0,-331000000,1,4,19147,80411,NGV1-NGF2
1606690853327829775,1606690853325728461,0,1,111296,T,N,0,2685000000,5,4,21044,80490,NGJ1
1606690853327829775,1606690853325728461,0,1,111294,T,N,0,2770000000,1,4,21044,80490,NGH1
1606690853327829775,1606690853325728461,0,1,215880,T,N,0,55000000,1,4,21044,80490,NGG1-NGH1
1606690853327829775,1606690853325728461,0,1,111293,T,A,0,2825000000,5,4,21044,80490,NGG1
1606690853327829775,1606690853325728461,0,1,111293,T,A,0,2824000000,2,4,21044,80490,NGG1
1606690853327829775,1606690853325728461,0,1,24463,T,N,0,140000000,4,4,21044,80490,NGG1-NGJ1
1606690853327829775,1606690853325728461,0,1,24463,T,N,0,139000000,1,4,21044,80490,NGG1-NGJ1
1606690853329660987,1606690853325759665,0,1,111296,T,N,0,2685000000,1,4,22107,80496,NGJ1
1606690853329660987,1606690853325759665,0,1,111291,T,A,0,2835000000,3,4,22107,80496,NGF1
1606690853329660987,1606690853325759665,0,1,111291,T,A,0,2834000000,2,4,22107,80496,NGF1
1606690853329660987,1606690853325759665,0,1,111291,T,A,0,2833000000,1,4,22107,80496,NGF1
1606690853329660987,1606690853325759665,0,1,111291,T,A,0,2832000000,2,4,22107,80496,NGF1
1606690853329660987,1606690853325759665,0,1,24441,T,N,0,149000000,1,4,22107,80496,NGF1-NGJ1
1606690853330123562,1606690853327756301,0,1,24512,T,A,0,87000000,1,4,25459,80507,NGH1-NGJ1
1606690853330664505,1606690853327766329,0,1,215880,T,A,0,55000000,1,4,25400,80508,NGG1-NGH1
1606690853330675285,1606690853327862733,0,1,111296,T,A,0,2685000000,2,4,18714,80509,NGJ1
1606690853332367606,1606690853329134837,0,1,215880,T,A,0,55000000,1,4,17517,80549,NGG1-NGH1
1606690853332406126,1606690853329231739,0,1,15228,T,A,0,10000000,1,4,17352,80551,NGF1-NGG1
1606690853338936322,1606690853332372635,0,1,24512,T,B,0,87000000,1,4,19144,80732,NGH1-NGJ1
1606690853897967192,1606690853897058405,0,1,111291,T,B,0,2839000000,1,4,18008,81792,NGF1
1606690855348967168,1606690855347831107,0,1,19540,T,B,0,-331000000,1,4,20327,82071,NGV1-NGF2
1606690855366954703,1606690855366270789,0,1,19540,T,B,0,-331000000,1,4,19237,82083,NGV1-NGF2
1606690855614425890,1606690855613808915,0,1,19540,T,B,0,-331000000,1,4,18206,82095,NGV1-NGF2
1606690855675913895,1606690855675298549,0,1,111291,T,B,0,2838000000,1,4,18197,82103,NGF1
1606690855865850754,1606690855865262843,0,1,19540,T,B,0,-331000000,1,4,18897,82151,NGV1-NGF2
1606690856466216313,1606690856465689867,0,1,111291,T,B,0,2838000000,2,4,20342,82298,NGF1
1606690858393106787,1606690858391510927,0,1,111291,T,A,0,2837000000,1,4,26931,82380,NGF1
1606690858393106787,1606690858391510927,0,1,111291,T,A,0,2835000000,6,4,26931,82380,NGF1
1606690858393106787,1606690858391510927,0,1,111291,T,A,0,2834000000,1,4,26931,82380,NGF1
1606690858393106787,1606690858391510927,0,1,15228,T,N,0,10000000,1,4,26931,82380,NGF1-NGG1
1606690858393106787,1606690858391510927,0,1,111293,T,N,0,2825000000,1,4,26931,82380,NGG1
1606690858552849769,1606690858552402451,0,1,111291,T,A,0,2835000000,1,4,17971,82581,NGF1
1606690858618893117,1606690858618352681,0,1,111291,T,A,0,2835000000,1,4,18900,82596,NGF1
1606690858618893117,1606690858618352681,0,1,111291,T,A,0,2834000000,1,4,18900,82596,NGF1
1606690859187889803,1606690859186505765,0,1,111291,T,B,0,2837000000,2,4,20063,82667,NGF1
1606690859187889803,1606690859186505765,0,1,111291,T,B,0,2838000000,1,4,20063,82667,NGF1
1606690860003268707,1606690860001634247,0,1,15228,T,A,0,11000000,5,4,19419,82795,NGF1-NGG1
1606690860886657251,1606690860884845697,0,1,15228,T,N,0,10000000,3,4,21742,82873,NGF1-NGG1
1606690860886657251,1606690860884845697,0,1,111291,T,A,0,2836000000,1,4,21742,82873,NGF1
1606690860886657251,1606690860884845697,0,1,111291,T,A,0,2835000000,1,4,21742,82873,NGF1
1606690860886657251,1606690860884845697,0,1,111291,T,A,0,2834000000,6,4,21742,82873,NGF1
1606690860886657251,1606690860884845697,0,1,111291,T,A,0,2833000000,14,4,21742,82873,NGF1
1606690860886657251,1606690860884845697,0,1,111291,T,A,0,2832000000,8,4,21742,82873,NGF1
1606690860886657251,1606690860884845697,0,1,111293,T,N,0,2824000000,1,4,21742,82873,NGG1
1606690860886657251,1606690860884845697,0,1,111293,T,N,0,2823000000,2,4,21742,82873,NGG1
1606690860888596148,1606690860886742711,0,1,111296,T,A,0,2681000000,1,4,23440,82917,NGJ1
1606690860888799123,1606690860886747301,0,1,204979,T,A,0,5000000,4,4,18703,82922,NGJ1-NGK1
1606690864158485646,1606690864157091603,0,1,111291,T,B,0,2834000000,1,4,18669,83506,NGF1
1606690864158485646,1606690864157091603,0,1,111291,T,B,0,2835000000,3,4,18669,83506,NGF1
1606690864158526026,1606690864157382399,0,1,111293,T,B,0,2824000000,1,4,24977,83509,NGG1
1606690866973504611,1606690866972739161,0,1,111291,T,B,0,2835000000,2,4,20749,83734,NGF1
1606690867240357401,1606690867239555425,0,1,15228,T,A,0,11000000,1,4,20233,83948,NGF1-NGG1
1606690868192863524,1606690868192302213,0,1,111291,T,B,0,2837000000,3,4,23018,84074,NGF1
1606690868193487255,1606690868193073697,0,1,111291,T,A,0,2837000000,2,4,19830,84081,NGF1
1606690868619530998,1606690868618874743,0,1,111291,T,A,0,2835000000,3,4,18379,84172,NGF1
1606690868629195664,1606690868628678643,0,1,143984,T,A,0,3149000000,1,4,18058,84190,NGF2
1606690871142286581,1606690871140872345,0,1,111291,T,B,0,2835000000,1,4,22951,84923,NGF1
1606690872637768796,1606690872637010575,0,1,111291,T,B,0,2835000000,1,4,24423,84982,NGF1
1606690873092870384,1606690873092018775,0,1,111291,T,B,0,2835000000,2,4,18497,85021,NGF1
1606690873093475227,1606690873093050055,0,1,111291,T,A,0,2835000000,2,4,17896,85033,NGF1
1606690873094346034,1606690873093480565,0,1,111291,T,A,0,2835000000,1,4,16753,85050,NGF1
1606690873452157853,1606690873450857245,0,1,15228,T,A,0,11000000,1,4,18568,85110,NGF1-NGG1
1606690873462980045,1606690873462275117,0,1,15228,T,A,0,10000000,3,4,18251,85127,NGF1-NGG1
1606690874693090988,1606690874692662515,0,1,111291,T,A,0,2835000000,1,4,23248,85146,NGF1
1606690878421458180,1606690878420766525,0,1,111291,T,A,0,2835000000,1,4,24079,85259,NGF1
1606690878620487361,1606690878620016343,0,1,111291,T,A,0,2834000000,1,4,20428,85282,NGF1
1606690879960388513,1606690879959872961,0,1,111291,T,A,0,2834000000,1,4,19938,85323,NGF1
1606690880172422385,1606690880171966933,0,1,111291,T,B,0,2835000000,1,4,20365,85373,NGF1
1606690880176187450,1606690880174797065,0,1,111291,T,B,0,2835000000,1,4,23081,85377,NGF1
1606690880176187450,1606690880174797065,0,1,111291,T,B,0,2836000000,3,4,23081,85377,NGF1
1606690883675998243,1606690883675518259,0,1,111291,T,B,0,2835000000,1,4,21189,85432,NGF1
1606690888614968132,1606690888614077039,0,1,111291,T,A,0,2834000000,4,4,21386,85524,NGF1
1606690893175238850,1606690893173293427,0,1,111291,T,B,0,2837000000,1,4,23043,85627,NGF1
1606690896384170240,1606690896383403965,0,1,111291,T,B,0,2836000000,1,4,18157,85712,NGF1
1606690906183031386,1606690906181953497,0,1,111291,T,B,0,2837000000,1,4,23936,85771,NGF1
1606690906184704138,1606690906183205173,0,1,111291,T,B,0,2837000000,2,4,22414,85776,NGF1
1606690906191705633,1606690906189301423,0,1,15228,T,A,0,11000000,5,4,18691,85897,NGF1-NGG1
1606690908143727147,1606690908142390497,0,1,111291,T,A,0,2835000000,1,4,25250,86109,NGF1
1606690909755375504,1606690909754201397,0,1,111293,T,A,0,2824000000,1,4,19534,86119,NGG1
1606690909755375504,1606690909754201397,0,1,111293,T,A,0,2823000000,1,4,19534,86119,NGG1
1606690910195337018,1606690910194736525,0,1,111291,T,B,0,2838000000,1,4,23149,86152,NGF1
1606690914619634521,1606690914618490167,0,1,111291,T,B,0,2838000000,1,4,23995,86193,NGF1
1606690915942501817,1606690915941531687,0,1,204979,T,B,0,5000000,1,4,24333,86206,NGJ1-NGK1
1606690919190951158,1606690919189291857,0,1,111291,T,B,0,2838000000,1,4,24330,86403,NGF1
1606690924843893823,1606690924842894309,0,1,111291,T,A,0,2835000000,2,4,19183,86593,NGF1
1606690925418069273,1606690925415885807,0,1,111291,T,B,0,2838000000,1,4,25419,86635,NGF1
1606690927330840186,1606690927329879337,0,1,111291,T,B,0,2837000000,1,4,18268,86741,NGF1
1606690927340039284,1606690927339574047,0,1,111291,T,A,0,2836000000,1,4,18493,86747,NGF1
1606690927396727561,1606690927395850257,0,1,111291,T,A,0,2836000000,1,4,18498,86752,NGF1
1606690927452536607,1606690927452126309,0,1,111291,T,A,0,2836000000,1,4,19241,86765,NGF1
1606690927809363697,1606690927808607615,0,1,111291,T,A,0,2836000000,1,4,18728,86770,NGF1
1606690928826689183,1606690928825507351,0,1,111291,T,B,0,2837000000,2,4,21671,86807,NGF1
1606690928826689183,1606690928825507351,0,1,111291,T,B,0,2838000000,6,4,21671,86807,NGF1
1606690932220884800,1606690932219988823,0,1,111291,T,B,0,2839000000,1,4,26234,86876,NGF1
1606690932624947686,1606690932624126479,0,1,111291,T,B,0,2839000000,3,4,18986,86886,NGF1
1606690932726503041,1606690932725859671,0,1,111296,T,B,0,2684000000,5,4,21136,86913,NGJ1
1606690933235713518,1606690933235106661,0,1,111291,T,A,0,2836000000,1,4,21390,86962,NGF1
1606690933429906061,1606690933429367199,0,1,111291,T,B,0,2840000000,1,4,23162,86964,NGF1
1606690938628653456,1606690938626922763,0,1,111291,T,A,0,2836000000,1,4,23886,87052,NGF1
1606690940079969665,1606690940079306655,0,1,111291,T,B,0,2838000000,1,4,22518,87060,NGF1
1606690942405936474,1606690942405340343,0,1,111291,T,A,0,2837000000,2,4,19852,87135,NGF1
1606690943623011017,1606690943621463827,0,1,111291,T,A,0,2837000000,1,4,20456,87159,NGF1
1606690943951186363,1606690943950557329,0,1,111291,T,A,0,2836000000,1,4,20004,87340,NGF1
1606690945163999021,1606690945163368531,0,1,111291,T,B,0,2838000000,1,4,23820,87443,NGF1
1606690949464409254,1606690949463493399,0,1,111291,T,A,0,2836000000,1,4,28696,87466,NGF1
1606690953457829684,1606690953456967741,0,1,111291,T,B,0,2838000000,1,4,18173,87664,NGF1
1606690955542084734,1606690955541669049,0,1,111291,T,B,0,2838000000,1,4,18180,87690,NGF1
1606690955543196120,1606690955542677283,0,1,111291,T,B,0,2839000000,2,4,17771,87709,NGF1
1606690955544049331,1606690955542682343,0,1,121372,T,B,0,-37000000,1,4,17590,87714,NGK1-NGM1
1606690955544596642,1606690955543280743,0,1,215879,T,B,0,67000000,1,4,20893,87728,NGF1-NGH1
1606690955545758284,1606690955545102849,0,1,121372,T,B,0,-37000000,1,4,18116,87754,NGK1-NGM1
1606690958997575358,1606690958997037231,0,1,111291,T,B,0,2840000000,1,4,23585,87816,NGF1
1606690962629519939,1606690962627983935,0,1,111296,T,N,0,2684000000,1,4,24622,87827,NGJ1
1606690962629519939,1606690962627983935,0,1,24512,T,N,0,89000000,1,4,24622,87827,NGH1-NGJ1
1606690962629519939,1606690962627983935,0,1,111294,T,B,0,2773000000,1,132,24622,87827,NGH1
1606690964340682693,1606690964339957065,0,1,111291,T,B,0,2840000000,3,4,27227,87857,NGF1
1606690967399789889,1606690967398797699,0,1,111291,T,B,0,2840000000,3,4,25238,87912,NGF1
1606690968118492379,1606690968118035481,0,1,111291,T,B,0,2840000000,1,4,18362,87919,NGF1
1606690969114950350,1606690969114096419,0,1,111291,T,B,0,2841000000,1,4,18215,88014,NGF1
1606690969283132766,1606690969282742351,0,1,111291,T,A,0,2840000000,1,4,19531,88039,NGF1
1606690969514843757,1606690969514299973,0,1,111296,T,B,0,2684000000,1,4,17623,88059,NGJ1
1606690969515731039,1606690969514537327,0,1,111296,T,B,0,2684000000,2,4,17675,88080,NGJ1
1606690969516113235,1606690969515115567,0,1,111296,T,B,0,2684000000,1,4,20239,88091,NGJ1
1606690970432422648,1606690970431767843,0,1,111291,T,B,0,2842000000,1,4,19746,88165,NGF1
1606690972024896341,1606690972024392329,0,1,111291,T,B,0,2843000000,1,4,18159,88193,NGF1
1606690973646530396,1606690973645145715,0,1,111291,T,A,0,2841000000,2,4,24520,88203,NGF1
1606690973646530396,1606690973645145715,0,1,111291,T,A,0,2840000000,2,4,24520,88203,NGF1
1606690973646530396,1606690973645145715,0,1,111291,T,A,0,2839000000,4,4,24520,88203,NGF1
1606690973658174054,1606690973656374171,0,1,111291,T,A,0,2839000000,8,4,25663,88416,NGF1
1606690973659114936,1606690973658201411,0,1,111291,T,A,0,2839000000,1,4,18293,88438,NGF1
1606690973675144378,1606690973674427919,0,1,111291,T,A,0,2838000000,3,4,18941,88512,NGF1
1606690974177286455,1606690974176271393,0,1,111291,T,B,0,2838000000,2,4,18215,89040,NGF1
1606690978035932577,1606690978034374319,0,1,111291,T,B,0,2838000000,1,4,29867,89155,NGF1
1606690978931362152,1606690978930658125,0,1,111291,T,B,0,2838000000,2,4,23547,89189,NGF1
1606690978932172079,1606690978930661135,0,1,111291,T,B,0,2840000000,5,4,19212,89194,NGF1
1606690978932172079,1606690978930661135,0,1,111293,T,N,0,2828000000,1,4,19212,89194,NGG1
1606690978932172079,1606690978930661135,0,1,15228,T,N,0,12000000,1,4,19212,89194,NGF1-NGG1
1606690979145182140,1606690979144742921,0,1,111291,T,A,0,2841000000,1,4,18509,89495,NGF1
1606690981099540262,1606690981098812721,0,1,111291,T,B,0,2842000000,2,4,18382,89708,NGF1
1606690981130452620,1606690981130074949,0,1,111291,T,B,0,2841000000,1,4,18005,89769,NGF1
1606690981132099413,1606690981130533763,0,1,111291,T,B,0,2841000000,1,4,19618,89774,NGF1
1606690982754149523,1606690982751792557,0,1,111291,T,A,0,2842000000,1,4,18440,90421,NGF1
1606690983519764965,1606690983518936791,0,1,111291,T,B,0,2842000000,1,4,18179,90521,NGF1
1606690983523896265,1606690983519604125,0,1,111296,T,N,0,2684000000,2,4,20658,90525,NGJ1
1606690983523896265,1606690983519604125,0,1,111294,T,B,0,2774000000,2,132,20658,90525,NGH1
1606690983523896265,1606690983519604125,0,1,24512,T,N,0,90000000,2,4,20658,90525,NGH1-NGJ1
1606690983524206945,1606690983520566069,0,1,111293,T,B,0,2831000000,1,4,18038,90529,NGG1
1606690987154057523,1606690987150783017,0,1,111293,T,B,0,2832000000,4,4,32815,90578,NGG1
1606690987154057523,1606690987150783017,0,1,111293,T,B,0,2833000000,1,4,32815,90578,NGG1
1606690987154057523,1606690987150783017,0,1,111291,T,N,0,2843000000,3,4,32815,90578,NGF1
1606690987154057523,1606690987150783017,0,1,15228,T,N,0,11000000,3,4,32815,90578,NGF1-NGG1
1606690987158729503,1606690987154075719,0,1,15228,T,A,0,11000000,2,4,18025,90597,NGF1-NGG1
1606690987171160928,1606690987158769927,0,1,111296,T,B,0,2684000000,3,4,18205,90650,NGJ1
1606690990830855930,1606690990829919487,0,1,111291,T,B,0,2843000000,1,4,25342,90882,NGF1
1606690991023288424,1606690991022852845,0,1,111291,T,B,0,2841000000,1,4,17975,90947,NGF1
1606690994142737977,1606690994141935535,0,1,111291,T,B,0,2842000000,1,4,24177,91026,NGF1
1606690994938951576,1606690994937899939,0,1,111291,T,N,0,2842000000,1,4,19764,91051,NGF1
1606690994938951576,1606690994937899939,0,1,15228,T,N,0,11000000,1,4,19764,91051,NGF1-NGG1
1606690994938951576,1606690994937899939,0,1,111293,T,B,0,2831000000,1,132,19764,91051,NGG1
1606691001589095278,1606691001588098645,0,1,111296,T,A,0,2682000000,1,4,18298,91140,NGJ1
1606691003979978092,1606691003979142375,0,1,111291,T,A,0,2841000000,1,4,18394,91465,NGF1
1606691003982035517,1606691003980094663,0,1,111291,T,A,0,2841000000,1,4,18352,91509,NGF1
1606691003982035517,1606691003980094663,0,1,111291,T,A,0,2840000000,3,4,18352,91509,NGF1
1606691003985490330,1606691003982045003,0,1,111291,T,A,0,2840000000,1,4,19586,91587,NGF1
1606691007150942817,1606691007150166683,0,1,111291,T,B,0,2842000000,1,4,25300,91791,NGF1
1606691020659021406,1606691020658091545,0,1,111291,T,B,0,2842000000,1,4,25694,91890,NGF1
1606691028096816651,1606691028095732539,0,1,111291,T,B,0,2842000000,1,4,23329,91989,NGF1
1606691028626718551,1606691028625101879,0,1,111291,T,A,0,2840000000,3,4,202102,91996,NGF1
1606691035546496495,1606691035545560821,0,1,111291,T,B,0,2841000000,1,4,28408,92109,NGF1
1606691035548254268,1606691035546615935,0,1,111291,T,B,0,2841000000,1,4,23623,92117,NGF1
1606691042323608257,1606691042321642927,0,1,111291,T,B,0,2841000000,1,4,22027,92190,NGF1
1606691043302542057,1606691043302008503,0,1,111291,T,B,0,2841000000,1,4,18961,92254,NGF1
1606691043817474652,1606691043816565185,0,1,111291,T,B,0,2841000000,2,4,19232,92267,NGF1
1606691043824159347,1606691043823265933,0,1,111293,T,B,0,2830000000,1,4,18020,92379,NGG1
1606691043825276569,1606691043824850365,0,1,111294,T,B,0,2774000000,1,4,17748,92399,NGH1
1606691046753460798,1606691046752328969,0,1,24512,T,B,0,90000000,1,4,24551,92608,NGH1-NGJ1
1606691046952790471,1606691046952131621,0,1,204979,T,B,0,5000000,1,4,18610,92675,NGJ1-NGK1
1606691048784966386,1606691048784371517,0,1,111291,T,A,0,2841000000,1,4,18553,92689,NGF1
1606691050960782884,1606691050959363311,0,1,111291,T,B,0,2843000000,3,4,19176,92730,NGF1
1606691050960782884,1606691050959363311,0,1,111293,T,N,0,2831000000,1,4,19176,92730,NGG1
1606691050960782884,1606691050959363311,0,1,15228,T,N,0,12000000,1,4,19176,92730,NGF1-NGG1
1606691050961363154,1606691050960084893,0,1,24512,T,N,0,91000000,1,4,18874,92737,NGH1-NGJ1
1606691050961363154,1606691050960084893,0,1,111294,T,B,0,2775000000,1,132,18874,92737,NGH1
1606691050961363154,1606691050960084893,0,1,111296,T,N,0,2684000000,1,4,18874,92737,NGJ1
1606691061117009091,1606691061116352343,0,1,111291,T,B,0,2844000000,1,4,24089,92890,NGF1
1606691063261801728,1606691063261118501,0,1,111291,T,B,0,2844000000,2,4,23305,92948,NGF1
1606691063630572422,1606691063629869529,0,1,111291,T,A,0,2841000000,3,4,24084,92965,NGF1
1606691066686036670,1606691066684997931,0,1,111291,T,B,0,2844000000,1,4,17895,93005,NGF1
1606691072703583481,1606691072702552877,0,1,111291,T,B,0,2844000000,3,4,23481,93053,NGF1
1606691073208862767,1606691073206042163,0,1,111291,T,B,0,2844000000,1,4,22511,93163,NGF1
1606691073209289826,1606691073207161539,0,1,111291,T,B,0,2844000000,1,4,23941,93172,NGF1
1606691073209397726,1606691073207207359,0,1,111291,T,B,0,2844000000,1,4,16673,93175,NGF1
1606691073209512221,1606691073207211107,0,1,111296,T,B,0,2684000000,3,4,16262,93177,NGJ1
1606691073210316696,1606691073208980695,0,1,215879,T,B,0,68000000,1,4,19089,93193,NGF1-NGH1
1606691073210825499,1606691073209681519,0,1,111296,T,B,0,2684000000,1,4,19142,93206,NGJ1
1606691076448029463,1606691076446906873,0,1,111291,T,B,0,2844000000,1,4,25908,93344,NGF1
1606691076448878474,1606691076448134199,0,1,215879,T,B,0,68000000,1,4,20777,93347,NGF1-NGH1
1606691079567842916,1606691079567137585,0,1,24512,T,B,0,91000000,4,4,28466,93406,NGH1-NGJ1
1606691080453202302,1606691080452613323,0,1,111296,T,B,0,2684000000,1,4,25214,93670,NGJ1
1606691081670561288,1606691081669392853,0,1,24512,T,B,0,95000000,4,4,19419,93684,NGH1-NGJ1
1606691081670561288,1606691081669392853,0,1,24512,T,B,0,96000000,1,4,19419,93684,NGH1-NGJ1
1606691081671157646,1606691081670481913,0,1,24512,T,A,0,96000000,1,4,17921,93696,NGH1-NGJ1
1606691083789522767,1606691083788706265,0,1,111291,T,B,0,2845000000,1,4,20040,94092,NGF1
1606691090745799635,1606691090745268651,0,1,111291,T,A,0,2843000000,1,4,17661,94209,NGF1
1606691091613044724,1606691091612634509,0,1,111291,T,B,0,2845000000,1,4,23540,94246,NGF1
1606691092131334074,1606691092130819709,0,1,111291,T,B,0,2844000000,2,4,17832,94307,NGF1
1606691093633959497,1606691093633231573,0,1,111291,T,A,0,2843000000,4,4,23758,94339,NGF1
1606691098280958576,1606691098280002705,0,1,111291,T,A,0,2843000000,2,4,17854,94426,NGF1
1606691099028480923,1606691099028080225,0,1,111291,T,A,0,2843000000,1,4,21632,94446,NGF1
1606691101354063967,1606691101353646367,0,1,111291,T,A,0,2843000000,1,4,18218,94517,NGF1
1606691107549160335,1606691107548519627,0,1,111291,T,B,0,2844000000,1,4,28878,94553,NGF1
1606691114093789543,1606691114092879899,0,1,111291,T,A,0,2844000000,2,4,18319,94737,NGF1
1606691120152862485,1606691120152046383,0,1,111291,T,B,0,2845000000,7,4,23179,94859,NGF1
1606691120158125079,1606691120157700301,0,1,111291,T,B,0,2846000000,1,4,18220,94956,NGF1
1606691121673336717,1606691121672837459,0,1,111291,T,B,0,2846000000,1,4,18069,95096,NGF1
1606691121787359990,1606691121786955447,0,1,111291,T,A,0,2845000000,1,4,18199,95100,NGF1
1606691122456725773,1606691122453423753,0,1,111291,T,B,0,2846000000,4,4,20659,95140,NGF1
1606691122456725773,1606691122453423753,0,1,111291,T,B,0,2847000000,9,4,20659,95140,NGF1
1606691122456725773,1606691122453423753,0,1,15228,T,N,0,12000000,3,4,20659,95140,NGF1-NGG1
1606691122456725773,1606691122453423753,0,1,111293,T,N,0,2835000000,3,4,20659,95140,NGG1
1606691122456848673,1606691122453423753,0,1,111291,T,B,0,2848000000,1,4,17900,95141,NGF1
1606691122456882337,1606691122453423753,0,1,111291,T,B,0,2848000000,3,4,19771,95142,NGF1
1606691122459410300,1606691122457305119,0,1,111291,T,B,0,2848000000,1,4,18845,95198,NGF1
1606691122459410300,1606691122457305119,0,1,111293,T,N,0,2836000000,1,4,18845,95198,NGG1
1606691122459410300,1606691122457305119,0,1,15228,T,N,0,12000000,1,4,18845,95198,NGF1-NGG1
1606691122462016103,1606691122458141535,0,1,24512,T,N,0,96000000,1,4,21268,95253,NGH1-NGJ1
1606691122462016103,1606691122458141535,0,1,111296,T,N,0,2684000000,1,4,21268,95253,NGJ1
1606691122462016103,1606691122458141535,0,1,111294,T,B,0,2780000000,1,132,21268,95253,NGH1
1606691122463370732,1606691122458979323,0,1,111296,T,B,0,2684000000,1,4,19756,95274,NGJ1
1606691122483377363,1606691122472962201,0,1,111296,T,B,0,2684000000,1,4,17649,95664,NGJ1
1606691123542398662,1606691123541203395,0,1,15228,T,N,0,12000000,1,4,19747,95906,NGF1-NGG1
1606691123542398662,1606691123541203395,0,1,111293,T,N,0,2838000000,1,4,19747,95906,NGG1
1606691123542398662,1606691123541203395,0,1,111291,T,B,0,2849000000,4,4,19747,95906,NGF1
1606691123542398662,1606691123541203395,0,1,111291,T,B,0,2850000000,4,4,19747,95906,NGF1
1606691123545831135,1606691123542956241,0,1,111291,T,N,0,2850000000,1,4,18136,95979,NGF1
1606691123545831135,1606691123542956241,0,1,111296,T,N,0,2684000000,1,4,18136,95979,NGJ1
1606691123545831135,1606691123542956241,0,1,24441,T,A,0,166000000,1,132,18136,95979,NGF1-NGJ1
1606691123547570268,1606691123543915823,0,1,111291,T,A,0,2850000000,8,4,19107,96017,NGF1
1606691123550947945,1606691123546930723,0,1,15228,T,B,0,12000000,1,4,20173,96094,NGF1-NGG1
1606691123550964149,1606691123546930723,0,1,215880,T,B,0,57000000,1,4,19363,96096,NGG1-NGH1
1606691123551001105,1606691123546930723,0,1,24512,T,B,0,96000000,1,4,16940,96098,NGH1-NGJ1
1606691123551367741,1606691123547578759,0,1,111291,T,A,0,2850000000,4,4,17806,96104,NGF1
1606691123551481945,1606691123547580921,0,1,111291,T,A,0,2850000000,4,4,22189,96106,NGF1
1606691123551618544,1606691123547691033,0,1,111291,T,A,0,2850000000,2,4,19907,96110,NGF1
1606691123556386839,1606691123551395201,0,1,111291,T,A,0,2850000000,1,4,18393,96203,NGF1
1606691123557029294,1606691123551632479,0,1,111293,T,N,0,2836000000,2,4,18303,96216,NGG1
1606691123557029294,1606691123551632479,0,1,111299,T,A,0,2717000000,2,132,18303,96216,NGM1
1606691123557029294,1606691123551632479,0,1,121175,T,N,0,119000000,2,4,18303,96216,NGG1-NGM1
1606691123557766945,1606691123552733093,0,1,111291,T,A,0,2850000000,1,4,18944,96232,NGF1
1606691123573934346,1606691123567767479,0,1,111291,T,B,0,2850000000,1,4,22920,96598,NGF1
1606691123573934346,1606691123567767479,0,1,111291,T,B,0,2851000000,1,4,22920,96598,NGF1
1606691123573934346,1606691123567767479,0,1,111293,T,N,0,2838000000,1,4,22920,96598,NGG1
1606691123573934346,1606691123567767479,0,1,15228,T,N,0,12000000,1,4,22920,96598,NGF1-NGG1
1606691123639679095,1606691123639157973,0,1,111291,T,A,0,2848000000,2,4,17796,96748,NGF1
1606691126908414458,1606691126907771483,0,1,111291,T,A,0,2848000000,2,4,18017,96913,NGF1
1606691128883763082,1606691128883159191,0,1,111291,T,A,0,2848000000,1,4,17881,97150,NGF1
1606691129299598913,1606691129299136125,0,1,111291,T,A,0,2847000000,2,4,17885,97167,NGF1
1606691132192381778,1606691132191784919,0,1,111291,T,B,0,2849000000,1,4,23001,97350,NGF1
1606691132200752674,1606691132200358457,0,1,111291,T,B,0,2849000000,1,4,17497,97366,NGF1
1606691134240674721,1606691134240181201,0,1,111291,T,B,0,2849000000,1,4,17993,97395,NGF1
1606691134353798100,1606691134353295945,0,1,111291,T,B,0,2850000000,4,4,18167,97781,NGF1
1606691134354437863,1606691134353985145,0,1,111291,T,B,0,2851000000,2,4,18193,97792,NGF1
1606691134355659477,1606691134354008921,0,1,111291,T,B,0,2851000000,1,4,17983,97821,NGF1
1606691135305715387,1606691135304714561,0,1,111291,T,B,0,2852000000,2,4,20020,98136,NGF1
1606691135305715387,1606691135304714561,0,1,111291,T,B,0,2853000000,2,4,20020,98136,NGF1
1606691135305715387,1606691135304714561,0,1,15228,T,N,0,12000000,1,4,20020,98136,NGF1-NGG1
1606691135305715387,1606691135304714561,0,1,111293,T,N,0,2841000000,1,4,20020,98136,NGG1
1606691135307290864,1606691135306023083,0,1,111291,T,A,0,2853000000,2,4,24590,98175,NGF1
1606691135396124362,1606691135395543247,0,1,111291,T,A,0,2851000000,2,4,17576,98657,NGF1
1606691135396296706,1606691135395547517,0,1,111291,T,A,0,2850000000,5,4,17819,98661,NGF1
1606691138096163034,1606691138095711269,0,1,111291,T,B,0,2852000000,1,4,19419,98793,NGF1
1606691138979688608,1606691138979216725,0,1,111291,T,B,0,2852000000,3,4,24644,98803,NGF1
1606691138980179395,1606691138979780659,0,1,111291,T,B,0,2852000000,3,4,17958,98809,NGF1
1606691139481154803,1606691139480707489,0,1,111291,T,B,0,2851000000,1,4,25864,98979,NGF1
1606691140571791682,1606691140571346641,0,1,111291,T,B,0,2853000000,2,4,26808,99052,NGF1
1606691140572504605,1606691140572039389,0,1,111291,T,A,0,2853000000,1,4,20103,99060,NGF1
1606691141421271428,1606691141419729903,0,1,111291,T,B,0,2853000000,2,4,25257,99255,NGF1
1606691141421271428,1606691141419729903,0,1,111291,T,B,0,2854000000,6,4,25257,99255,NGF1
1606691141421271428,1606691141419729903,0,1,111293,T,N,0,2842000000,1,4,25257,99255,NGG1
1606691141421271428,1606691141419729903,0,1,15228,T,N,0,12000000,1,4,25257,99255,NGF1-NGG1
1606691141421271428,1606691141419729903,0,1,111294,T,N,0,2785000000,1,4,25257,99255,NGH1
1606691141421271428,1606691141419729903,0,1,215879,T,N,0,69000000,1,4,25257,99255,NGF1-NGH1
1606691141421774555,1606691141419732801,0,1,215879,T,N,0,70000000,1,4,19316,99264,NGF1-NGH1
1606691141421774555,1606691141419732801,0,1,111294,T,N,0,2785000000,1,4,19316,99264,NGH1
1606691141421774555,1606691141419732801,0,1,15228,T,N,0,12000000,1,4,19316,99264,NGF1-NGG1
1606691141421774555,1606691141419732801,0,1,111293,T,N,0,2843000000,1,4,19316,99264,NGG1
1606691141421774555,1606691141419732801,0,1,111291,T,B,0,2855000000,5,4,19316,99264,NGF1
1606691141422380170,1606691141419776515,0,1,111291,T,B,0,2856000000,2,4,20321,99276,NGF1
1606691141423699495,1606691141419808685,0,1,111291,T,B,0,2857000000,8,4,20120,99280,NGF1
1606691141423716955,1606691141419808685,0,1,111291,T,B,0,2857000000,1,4,21815,99281,NGF1
1606691141424080298,1606691141421284467,0,1,15228,T,B,0,12000000,7,4,25502,99283,NGF1-NGG1
1606691141425495208,1606691141422051527,0,1,111291,T,A,0,2856000000,3,4,18039,99316,NGF1
1606691141425668807,1606691141422056265,0,1,111291,T,A,0,2856000000,2,4,17405,99321,NGF1
1606691141425668807,1606691141422056265,0,1,111291,T,A,0,2855000000,1,4,17405,99321,NGF1
1606691141441823673,1606691141435261459,0,1,111291,T,B,0,2855000000,1,4,22915,99658,NGF1
1606691141446820176,1606691141446223273,0,1,111291,T,A,0,2854000000,1,4,18276,99708,NGF1
1606691141447449622,1606691141446942597,0,1,111291,T,B,0,2854000000,1,4,17254,99718,NGF1
1606691141497994964,1606691141491107993,0,1,111291,T,A,0,2853000000,2,4,18123,99736,NGF1
1606691141625011249,1606691141623732701,0,1,111291,T,B,0,2856000000,3,4,18894,99818,NGF1
1606691141625011249,1606691141623732701,0,1,24441,T,N,0,167000000,1,4,18894,99818,NGF1-NGJ1
1606691141625011249,1606691141623732701,0,1,111296,T,N,0,2689000000,1,4,18894,99818,NGJ1
1606691141626068131,1606691141624963843,0,1,15228,T,B,0,12000000,1,4,18203,99822,NGF1-NGG1
1606691141626323802,1606691141624963843,0,1,215880,T,B,0,58000000,1,4,17813,99824,NGG1-NGH1
1606691141626625182,1606691141624963843,0,1,24512,T,B,0,96000000,1,4,19276,99826,NGH1-NGJ1
1606691141663992524,1606691141663517653,0,1,111291,T,B,0,2857000000,2,4,18559,99928,NGF1
1606691143314778533,1606691143314025297,0,1,111291,T,A,0,2856000000,1,4,17654,100083,NGF1
1606691145841908321,1606691145840699307,0,1,111291,T,B,0,2857000000,6,4,19972,100205,NGF1
1606691145841908321,1606691145840699307,0,1,111296,T,N,0,2689000000,1,4,19972,100205,NGJ1
1606691145841908321,1606691145840699307,0,1,24441,T,N,0,168000000,1,4,19972,100205,NGF1-NGJ1
1606691145843028079,1606691145841940633,0,1,15228,T,B,0,12000000,1,4,17686,100215,NGF1-NGG1
1606691145843330562,1606691145841940633,0,1,215880,T,B,0,59000000,1,4,18425,100217,NGG1-NGH1
1606691145843650705,1606691145841940633,0,1,24512,T,B,0,96000000,1,4,17824,100219,NGH1-NGJ1
1606691146317418416,1606691146317018383,0,1,111291,T,A,0,2856000000,1,4,18235,100434,NGF1
1606691146362830544,1606691146362058953,0,1,111291,T,A,0,2855000000,2,4,17945,100497,NGF1
1606691147553644618,1606691147553087637,0,1,111291,T,B,0,2856000000,1,4,18087,100847,NGF1
1606691149099076988,1606691149098465345,0,1,111291,T,B,0,2856000000,1,4,19021,100871,NGF1
1606691150486888798,1606691150485551157,0,1,24512,T,B,0,97000000,2,4,24396,100972,NGH1-NGJ1
1606691150486888798,1606691150485551157,0,1,24512,T,B,0,98000000,2,4,24396,100972,NGH1-NGJ1
1606691153158261352,1606691153157464653,0,1,111291,T,B,0,2856000000,1,4,23193,101186,NGF1
1606691158141714745,1606691158140888519,0,1,111291,T,B,0,2856000000,6,4,20717,101304,NGF1
1606691159621723824,1606691159620865495,0,1,111291,T,B,0,2857000000,1,4,25882,101411,NGF1
1606691159621737996,1606691159620865495,0,1,111291,T,B,0,2858000000,1,4,22496,101412,NGF1
1606691159725051753,1606691159724692889,0,1,111291,T,B,0,2857000000,1,4,18213,101460,NGF1
1606691160006840156,1606691160005991943,0,1,204979,T,B,0,5000000,1,4,23753,101483,NGJ1-NGK1
1606691161921754089,1606691161921074815,0,1,111291,T,A,0,2856000000,1,4,18239,101545,NGF1
1606691162514524766,1606691162514079913,0,1,111291,T,A,0,2857000000,3,4,18080,101618,NGF1
1606691167897051039,1606691167895697229,0,1,111291,T,A,0,2857000000,1,4,18842,101919,NGF1
1606691167897165014,1606691167895704381,0,1,111291,T,A,0,2857000000,1,4,17662,101922,NGF1
1606691174557851361,1606691174557020925,0,1,111291,T,A,0,2857000000,1,4,20346,102489,NGF1
1606691174558918167,1606691174558283315,0,1,111296,T,A,0,2688000000,1,4,22317,102495,NGJ1
1606691174559791537,1606691174558999367,0,1,111291,T,A,0,2857000000,1,4,25736,102515,NGF1
1606691174559955365,1606691174559003569,0,1,24512,T,A,0,96000000,1,4,17846,102517,NGH1-NGJ1
1606691175968806738,1606691175968353637,0,1,111291,T,A,0,2857000000,1,4,17642,102844,NGF1
1606691175968895574,1606691175968355663,0,1,111291,T,A,0,2857000000,1,4,17916,102846,NGF1
1606691176014180137,1606691176013603277,0,1,111291,T,A,0,2856000000,2,4,22259,102966,NGF1
1606691176015910089,1606691176014616489,0,1,111291,T,B,0,2856000000,1,4,21517,102999,NGF1
1606691176017304067,1606691176016276427,0,1,111291,T,B,0,2856000000,1,4,22121,103026,NGF1
1606691183296446383,1606691183295276925,0,1,111291,T,B,0,2858000000,4,4,20354,103312,NGF1
1606691183296446383,1606691183295276925,0,1,15228,T,N,0,12000000,1,4,20354,103312,NGF1-NGG1
1606691183296446383,1606691183295276925,0,1,111293,T,N,0,2846000000,1,4,20354,103312,NGG1
1606691188640523826,1606691188639595107,0,1,111291,T,A,0,2855000000,4,4,24027,103453,NGF1
1606691189177308647,1606691189176885515,0,1,111291,T,B,0,2858000000,1,4,17867,103650,NGF1
1606691189731768327,1606691189731248013,0,1,111293,T,B,0,2846000000,1,4,18450,103667,NGG1
1606691189763830719,1606691189763439991,0,1,111291,T,B,0,2858000000,1,4,18261,103705,NGF1
1606691190419956827,1606691190419575467,0,1,111291,T,A,0,2856000000,1,4,18550,103965,NGF1
1606691191925904693,1606691191925213263,0,1,24512,T,B,0,97000000,1,4,18516,104091,NGH1-NGJ1
1606691195181312459,1606691195180912413,0,1,111291,T,B,0,2855000000,1,4,19067,104654,NGF1
1606691197123047738,1606691197122569903,0,1,111291,T,B,0,2856000000,1,4,25177,104701,NGF1
1606691207142401002,1606691207141474395,0,1,111291,T,B,0,2857000000,10,4,32387,104957,NGF1
1606691207713618546,1606691207713286289,0,1,111291,T,A,0,2857000000,1,4,22434,105088,NGF1
1606691208640987312,1606691208640416771,0,1,111291,T,A,0,2856000000,1,4,20593,105147,NGF1
1606691208929639544,1606691208929279119,0,1,111291,T,A,0,2857000000,1,4,17714,105163,NGF1
1606691214532497105,1606691214531537927,0,1,111291,T,A,0,2856000000,1,4,23126,105312,NGF1
1606691215029368781,1606691215028804391,0,1,111291,T,A,0,2855000000,1,4,23012,105361,NGF1
1606691236296055382,1606691236294682607,0,1,111291,T,N,0,2856000000,2,4,24347,105704,NGF1
1606691236296055382,1606691236294682607,0,1,111293,T,B,0,2845000000,4,4,24347,105704,NGG1
1606691236296055382,1606691236294682607,0,1,15228,T,N,0,11000000,2,4,24347,105704,NGF1-NGG1
1606691236302574546,1606691236301213175,0,1,111291,T,B,0,2856000000,1,4,18849,105767,NGF1
1606691238646933248,1606691238645635597,0,1,111291,T,A,0,2855000000,3,4,23589,105986,NGF1
1606691246280343613,1606691246279469855,0,1,111291,T,B,0,2856000000,2,4,30883,106071,NGF1
1606691246960602392,1606691246959531061,0,1,111291,T,B,0,2857000000,1,4,23272,106134,NGF1
1606691246960845235,1606691246959866419,0,1,111293,T,B,0,2846000000,1,4,17344,106138,NGG1
1606691249592981015,1606691249592136279,0,1,111291,T,B,0,2857000000,1,4,23910,106208,NGF1
1606691252061293970,1606691252060108281,0,1,121372,T,A,0,-37000000,2,4,24891,106230,NGK1-NGM1
1606691254119110518,1606691254117982953,0,1,111291,T,B,0,2857000000,1,132,24070,106248,NGF1
1606691254119110518,1606691254117982953,0,1,111293,T,N,0,2845000000,1,4,24070,106248,NGG1
1606691254119110518,1606691254117982953,0,1,15228,T,N,0,12000000,1,4,24070,106248,NGF1-NGG1
1606691258258864122,1606691258256466075,0,1,24512,T,N,0,99000000,4,4,29477,106361,NGH1-NGJ1
1606691258258864122,1606691258256466075,0,1,111296,T,N,0,2689000000,4,4,29477,106361,NGJ1
1606691258258864122,1606691258256466075,0,1,111294,T,B,0,2788000000,4,132,29477,106361,NGH1
1606691258258882966,1606691258256466075,0,1,24512,T,B,0,100000000,10,4,28184,106362,NGH1-NGJ1
1606691259343805002,1606691259343210987,0,1,111291,T,A,0,2855000000,1,4,18331,106506,NGF1
1606691259418351803,1606691259417825229,0,1,111291,T,A,0,2855000000,2,4,17815,106602,NGF1
1606691266863449159,1606691266861673661,0,1,111293,T,A,0,2844000000,5,4,18760,107357,NGG1
1606691269045935620,1606691269044936321,0,1,111291,T,A,0,2854000000,1,4,18155,107587,NGF1
1606691271689301596,1606691271688219645,0,1,111291,T,B,0,2854000000,2,4,18326,107754,NGF1
1606691273054095076,1606691273053051815,0,1,121372,T,A,0,-37000000,2,4,18634,108760,NGK1-NGM1
1606691273086434140,1606691273085712843,0,1,121372,T,A,0,-37000000,2,4,18694,108879,NGK1-NGM1
1606691273087204311,1606691273086643413,0,1,121372,T,B,0,-37000000,11,4,18060,108889,NGK1-NGM1
1606691273087855225,1606691273087215879,0,1,121372,T,B,0,-37000000,1,4,17242,108907,NGK1-NGM1
1606691273649414552,1606691273648838855,0,1,111291,T,A,0,2853000000,1,4,18227,109215,NGF1
1606691278274436921,1606691278273480989,0,1,111296,T,A,0,2687000000,2,4,18512,109394,NGJ1
1606691278276970301,1606691278274538793,0,1,111296,T,A,0,2687000000,3,4,17475,109413,NGJ1
1606691303845898670,1606691303844925389,0,1,111291,T,B,0,2854000000,3,4,23335,111076,NGF1
1606691303848945548,1606691303845227293,0,1,111293,T,B,0,2843000000,1,4,17733,111080,NGG1
1606691303849003652,1606691303845503181,0,1,111294,T,B,0,2787000000,1,4,23229,111084,NGH1
1606691308650636959,1606691308649710231,0,1,111291,T,A,0,2853000000,3,4,22885,111553,NGF1
1606691323603055009,1606691323601245419,0,1,111291,T,A,0,2853000000,2,4,23034,112347,NGF1
1606691323606090271,1606691323605676867,0,1,111291,T,B,0,2852000000,1,4,17441,112424,NGF1
1606691360377382908,1606691360376624071,0,1,111291,T,A,0,2853000000,1,4,17855,114258,NGF1
1606691361105349276,1606691361104851731,0,1,111291,T,B,0,2854000000,6,4,24085,114396,NGF1
1606691362136327256,1606691362134980791,0,1,111291,T,A,0,2853000000,3,4,19139,114565,NGF1
1606691362136327256,1606691362134980791,0,1,111293,T,N,0,2842000000,1,4,19139,114565,NGG1
1606691362136327256,1606691362134980791,0,1,15228,T,N,0,11000000,1,4,19139,114565,NGF1-NGG1
1606691363655856745,1606691363655194707,0,1,111291,T,A,0,2853000000,2,4,18447,114694,NGF1
1606691372056937127,1606691372055844433,0,1,111291,T,B,0,2855000000,2,4,23299,114901,NGF1
1606691372057514422,1606691372057070971,0,1,111291,T,A,0,2855000000,1,4,16857,114914,NGF1
1606691372057888101,1606691372057086475,0,1,111291,T,A,0,2855000000,1,4,23174,114920,NGF1
1606691372060299868,1606691372057928711,0,1,111291,T,A,0,2855000000,16,4,17909,114973,NGF1
1606691372250606968,1606691372250074529,0,1,111291,T,B,0,2855000000,1,4,17760,115421,NGF1
1606691372251106351,1606691372250658541,0,1,111291,T,B,0,2855000000,1,4,17722,115426,NGF1
1606691372252153193,1606691372251693815,0,1,111293,T,B,0,2844000000,1,4,17681,115439,NGG1
1606691372253072067,1606691372252168983,0,1,111291,T,B,0,2856000000,3,4,17602,115467,NGF1
1606691372257979886,1606691372257321141,0,1,111294,T,B,0,2788000000,1,4,22721,115588,NGH1
1606691372258184918,1606691372257323973,0,1,111296,T,B,0,2689000000,1,4,19231,115593,NGJ1
1606691372278122160,1606691372277714059,0,1,111293,T,A,0,2844000000,1,4,17632,115693,NGG1
1606691372278294696,1606691372277928755,0,1,111291,T,A,0,2855000000,2,4,17335,115698,NGF1
1606691372313499450,1606691372313139193,0,1,111291,T,A,0,2855000000,2,4,17657,115734,NGF1
1606691372330080027,1606691372329711265,0,1,111291,T,B,0,2855000000,1,4,18208,115768,NGF1
1606691372353191119,1606691372352806687,0,1,111291,T,B,0,2855000000,1,4,18532,116046,NGF1
1606691373660701434,1606691373660132579,0,1,111291,T,A,0,2855000000,2,4,23262,116453,NGF1
1606691377768321756,1606691377767442473,0,1,111291,T,B,0,2857000000,1,4,24244,116766,NGF1
1606691379767766430,1606691379767131321,0,1,111291,T,A,0,2855000000,1,4,25827,116825,NGF1
1606691381556197253,1606691381555581183,0,1,111291,T,A,0,2855000000,1,4,18165,116997,NGF1
1606691383656676890,1606691383655457117,0,1,111291,T,A,0,2855000000,2,4,23540,117110,NGF1
1606691392775729844,1606691392774822607,0,1,111291,T,B,0,2857000000,1,4,17832,117508,NGF1
1606691392775769956,1606691392774825641,0,1,111291,T,B,0,2857000000,1,4,21808,117511,NGF1
1606691393247797402,1606691393247036211,0,1,111291,T,B,0,2858000000,1,4,21319,117634,NGF1
1606691393248793224,1606691393247040033,0,1,111296,T,B,0,2689000000,1,4,23160,117637,NGJ1
1606691393249927974,1606691393249544569,0,1,111296,T,B,0,2689000000,1,4,19319,117671,NGJ1
1606691393253547335,1606691393253159649,0,1,111293,T,B,0,2847000000,1,4,17743,117792,NGG1
1606691393254422026,1606691393253297531,0,1,111296,T,B,0,2689000000,1,4,18011,117800,NGJ1
1606691393255801927,1606691393254736073,0,1,111296,T,B,0,2689000000,1,4,17448,117840,NGJ1
1606691393257250304,1606691393256564945,0,1,111296,T,B,0,2689000000,1,4,22438,117890,NGJ1
1606691393273266254,1606691393268882371,0,1,111293,T,N,0,2846000000,1,4,18820,117985,NGG1
1606691393273266254,1606691393268882371,0,1,61251,T,N,0,10750000,1,4,18820,117985,NGG1-HHG1
1606691398284883578,1606691398283449159,0,1,111291,T,A,0,2857000000,1,4,25584,118243,NGF1
1606691407112605974,1606691407111148029,0,1,111291,T,B,0,2858000000,1,4,28696,118613,NGF1
1606691413440467757,1606691413439603523,0,1,111305,T,A,0,2790000000,1,4,32328,118661,NGU1
1606691416460500070,1606691416459846839,0,1,111291,T,B,0,2858000000,1,4,18544,118773,NGF1
1606691422822406855,1606691422821734503,0,1,111291,T,B,0,2857000000,1,4,18152,119018,NGF1
1606691431636980995,1606691431636254109,0,1,111291,T,B,0,2858000000,1,4,24976,119123,NGF1
1606691435141048510,1606691435140323699,0,1,111291,T,B,0,2858000000,1,4,18633,119220,NGF1
1606691435540910489,1606691435540511779,0,1,111291,T,B,0,2859000000,1,4,17815,119376,NGF1
1606691435541860287,1606691435540863119,0,1,111293,T,B,0,2848000000,1,132,18239,119380,NGG1
1606691435541860287,1606691435540863119,0,1,111296,T,N,0,2689000000,1,4,18239,119380,NGJ1
1606691435541860287,1606691435540863119,0,1,24463,T,N,0,159000000,1,4,18239,119380,NGG1-NGJ1
1606691435542451650,1606691435541743577,0,1,24512,T,B,0,99000000,1,4,18457,119390,NGH1-NGJ1
1606691435543385824,1606691435541915461,0,1,111296,T,B,0,2689000000,1,4,18860,119434,NGJ1
1606691435570888789,1606691435570157267,0,1,215880,T,B,0,59000000,1,4,18620,119712,NGG1-NGH1
1606691446241636596,1606691446240934693,0,1,111291,T,A,0,2858000000,1,4,18028,120007,NGF1
1606691450350644601,1606691450348998337,0,1,111291,T,A,0,2858000000,1,4,18422,120283,NGF1
1606691463467017197,1606691463466240719,0,1,111291,T,A,0,2858000000,1,4,24273,120538,NGF1
1606691477298800932,1606691477298002287,0,1,111291,T,B,0,2859000000,1,4,27795,120710,NGF1
1606691477855772389,1606691477854400315,0,1,15228,T,B,0,12000000,51,4,24497,120807,NGF1-NGG1
1606691481218973597,1606691481218455187,0,1,111291,T,A,0,2859000000,1,4,20941,121337,NGF1
1606691481995197025,1606691481993615731,0,1,111291,T,B,0,2860000000,1,4,17653,121430,NGF1
1606691482031251825,1606691482030857325,0,1,111291,T,B,0,2860000000,1,4,18124,121447,NGF1
1606691482073645306,1606691482073291987,0,1,111291,T,B,0,2860000000,1,4,18202,121544,NGF1
1606691486211370943,1606691486210611947,0,1,111291,T,A,0,2860000000,3,4,19063,122034,NGF1
1606691488332627912,1606691488332152769,0,1,111291,T,A,0,2860000000,1,4,17923,122225,NGF1
1606691494125039013,1606691494123304419,0,1,15228,T,A,0,12000000,3,4,18215,122591,NGF1-NGG1
1606691495667094048,1606691495666655831,0,1,111291,T,A,0,2860000000,1,4,17856,122610,NGF1
1606691498979682299,1606691498979224191,0,1,111296,T,B,0,2689000000,1,4,17666,122910,NGJ1
1606691498981302180,1606691498979912005,0,1,111296,T,B,0,2689000000,1,4,18048,122955,NGJ1
1606691501788126734,1606691501786610759,0,1,111291,T,B,0,2861000000,1,4,26711,123144,NGF1
1606691501789110436,1606691501788154305,0,1,111296,T,N,0,2689000000,1,4,25936,123154,NGJ1
1606691501789110436,1606691501788154305,0,1,24512,T,N,0,99000000,1,4,25936,123154,NGH1-NGJ1
1606691501789110436,1606691501788154305,0,1,111294,T,B,0,2788000000,1,132,25936,123154,NGH1
1606691501792531146,1606691501790155001,0,1,111296,T,B,0,2689000000,1,4,22537,123252,NGJ1
1606691501937884006,1606691501937463165,0,1,111291,T,B,0,2861000000,1,4,17731,123379,NGF1
1606691502120878161,1606691502120516143,0,1,111291,T,B,0,2861000000,1,4,19992,123408,NGF1
1606691502331405956,1606691502330718457,0,1,209631,T,A,0,-79000000,1,4,18615,123464,NGV1-NGX1
1606691503627215957,1606691503626282617,0,1,209631,T,A,0,-79000000,1,4,23029,123499,NGV1-NGX1
1606691507144983220,1606691507143935919,0,1,215879,T,B,0,71000000,1,4,19037,123809,NGF1-NGH1
1606691507245928523,1606691507245037415,0,1,215879,T,B,0,71000000,1,4,18387,123844,NGF1-NGH1
1606691507346640002,1606691507346061439,0,1,215879,T,B,0,71000000,1,4,18183,123891,NGF1-NGH1
1606691507447332582,1606691507446787051,0,1,215879,T,B,0,71000000,1,4,18316,123908,NGF1-NGH1
1606691507451166563,1606691507449754819,0,1,111291,T,N,0,2861000000,1,4,17532,123950,NGF1
1606691507451166563,1606691507449754819,0,1,111296,T,N,0,2689000000,1,4,17532,123950,NGJ1
1606691507451166563,1606691507449754819,0,1,24441,T,A,0,172000000,1,132,17532,123950,NGF1-NGJ1
1606691510388147997,1606691510387008175,0,1,111291,T,B,0,2862000000,3,4,23996,124120,NGF1
1606691510388147997,1606691510387008175,0,1,215879,T,N,0,71000000,1,4,23996,124120,NGF1-NGH1
1606691510388147997,1606691510387008175,0,1,111294,T,N,0,2791000000,1,4,23996,124120,NGH1
1606691510388544668,1606691510387836829,0,1,111296,T,N,0,2689000000,1,4,18592,124127,NGJ1
1606691510388544668,1606691510387836829,0,1,24463,T,N,0,160000000,1,4,18592,124127,NGG1-NGJ1
1606691510388544668,1606691510387836829,0,1,111293,T,B,0,2849000000,1,132,18592,124127,NGG1
1606691510388690884,1606691510388042525,0,1,111296,T,B,0,2689000000,1,4,17149,124129,NGJ1
1606691510389084739,1606691510388085805,0,1,111296,T,N,0,2689000000,1,4,23303,124131,NGJ1
1606691510389084739,1606691510388085805,0,1,111294,T,B,0,2789000000,1,132,23303,124131,NGH1
1606691510389084739,1606691510388085805,0,1,24512,T,N,0,100000000,1,4,23303,124131,NGH1-NGJ1
1606691510392737865,1606691510391909719,0,1,111296,T,N,0,2689000000,1,4,18102,124233,NGJ1
1606691510392737865,1606691510391909719,0,1,111293,T,N,0,2848000000,1,4,18102,124233,NGG1
1606691510392737865,1606691510391909719,0,1,24463,T,A,0,159000000,1,132,18102,124233,NGG1-NGJ1
1606691510393606051,1606691510392070845,0,1,24512,T,B,0,100000000,2,4,19148,124246,NGH1-NGJ1
1606691510555802058,1606691510555210933,0,1,24512,T,N,0,100000000,1,4,18465,124859,NGH1-NGJ1
1606691510555802058,1606691510555210933,0,1,111296,T,N,0,2689000000,1,4,18465,124859,NGJ1
1606691510555802058,1606691510555210933,0,1,111294,T,B,0,2789000000,1,132,18465,124859,NGH1
1606691510557370608,1606691510557014189,0,1,111291,T,A,0,2861000000,1,4,17842,124869,NGF1
1606691510557757259,1606691510557142549,0,1,215879,T,B,0,71000000,1,4,17822,124873,NGF1-NGH1
1606691510741639154,1606691510741065293,0,1,111294,T,B,0,2789000000,1,132,17912,124926,NGH1
1606691510741639154,1606691510741065293,0,1,111296,T,N,0,2689000000,1,4,17912,124926,NGJ1
1606691510741639154,1606691510741065293,0,1,24512,T,N,0,100000000,1,4,17912,124926,NGH1-NGJ1
1606691510743740702,1606691510742170297,0,1,111291,T,A,0,2861000000,1,4,18527,124970,NGF1
1606691510743867033,1606691510742269821,0,1,215879,T,B,0,71000000,1,4,17661,124973,NGF1-NGH1
1606691518158450307,1606691518157069989,0,1,15052,T,B,0,-21000000,1,4,17633,126903,NGN1-NGQ1
1606691530188426444,1606691530187602461,0,1,111291,T,A,0,2861000000,2,4,22886,127496,NGF1
1606691530369115510,1606691530368730649,0,1,111291,T,B,0,2862000000,1,4,17785,127573,NGF1
1606691536314389278,1606691536313606315,0,1,111291,T,B,0,2862000000,1,4,28230,127882,NGF1
1606691541873908240,1606691541873179585,0,1,111291,T,B,0,2862000000,1,4,23325,128060,NGF1
1606691542987394626,1606691542986362643,0,1,111291,T,A,0,2862000000,1,4,19389,128439,NGF1
1606691542987409262,1606691542986511097,0,1,111299,T,B,0,2722000000,1,4,18028,128440,NGM1
1606691546551003739,1606691546549779267,0,1,111291,T,A,0,2862000000,8,4,24048,129138,NGF1
1606691548740988891,1606691548738974817,0,1,111291,T,B,0,2863000000,1,4,18570,129767,NGF1
1606691548741009955,1606691548738974817,0,1,111291,T,B,0,2863000000,1,4,18739,129768,NGF1
1606691548741009955,1606691548738974817,0,1,111291,T,B,0,2863000000,1,4,18739,129768,NGF1
1606691548742369392,1606691548740996859,0,1,111291,T,B,0,2863000000,1,4,18736,129771,NGF1
1606691548746225361,1606691548744598791,0,1,111291,T,B,0,2864000000,3,4,18417,129860,NGF1
1606691548749708462,1606691548748494223,0,1,15228,T,B,0,13000000,1,4,19179,129955,NGF1-NGG1
1606691548750805008,1606691548748498685,0,1,15228,T,B,0,13000000,3,4,18472,129957,NGF1-NGG1
1606691548751782394,1606691548749721811,0,1,15228,T,B,0,13000000,6,4,17843,129977,NGF1-NGG1
1606691548756564853,1606691548755804069,0,1,15228,T,A,0,13000000,7,4,18436,130094,NGF1-NGG1
1606691552588255379,1606691552587548465,0,1,111291,T,B,0,2864000000,1,4,17968,130476,NGF1
1606691553593889634,1606691553593415395,0,1,111291,T,A,0,2863000000,1,4,18087,130603,NGF1
1606691554396623841,1606691554396194599,0,1,111291,T,B,0,2864000000,1,4,17950,130721,NGF1
1606691554397037284,1606691554396656819,0,1,111291,T,B,0,2864000000,1,4,17742,130726,NGF1
1606691563459842100,1606691563457943149,0,1,24512,T,B,0,100000000,50,4,24808,130942,NGH1-NGJ1
1606691563463060742,1606691563461088381,0,1,204963,T,B,0,107000000,1,4,18413,131066,NGH1-NGK1
1606691563816013346,1606691563815297961,0,1,111291,T,A,0,2863000000,1,4,17820,131546,NGF1
1606691565039083908,1606691565037972637,0,1,282784,T,B,0,5000000,1,4,18674,131673,NGQ1-NGU1
1606691566865194844,1606691566863503545,0,1,24512,T,B,0,101000000,1,4,24345,131836,NGH1-NGJ1
1606691573197757366,1606691573195926331,0,1,111291,T,B,0,2864000000,1,4,24181,131877,NGF1
1606691573992414538,1606691573991647997,0,1,111291,T,B,0,2864000000,3,4,18105,131897,NGF1
1606691574955563230,1606691574954152003,0,1,111291,T,B,0,2865000000,1,4,22972,132308,NGF1
1606691574955578035,1606691574954152003,0,1,111291,T,B,0,2865000000,2,4,21943,132309,NGF1
1606691574955578035,1606691574954152003,0,1,111291,T,B,0,2866000000,2,4,21943,132309,NGF1
1606691575206842423,1606691575204755589,0,1,111291,T,N,0,2864000000,1,4,17897,132808,NGF1
1606691575206842423,1606691575204755589,0,1,215879,T,N,0,72000000,1,4,17897,132808,NGF1-NGH1
1606691575206842423,1606691575204755589,0,1,111294,T,A,0,2792000000,1,132,17897,132808,NGH1
1606691580246315828,1606691580245598801,0,1,111291,T,B,0,2865000000,1,4,22585,132979,NGF1
1606691587882864024,1606691587882225961,0,1,111291,T,B,0,2866000000,4,4,23731,133823,NGF1
1606691587884399697,1606691587883079887,0,1,111291,T,A,0,2866000000,4,4,18143,133842,NGF1
1606691590611114431,1606691590610513591,0,1,111291,T,A,0,2865000000,1,4,18034,134373,NGF1
1606691590751489311,1606691590751023107,0,1,111291,T,B,0,2865000000,1,4,17682,134641,NGF1
1606691592396349713,1606691592395766147,0,1,111291,T,B,0,2865000000,1,4,27140,134662,NGF1
1606691593830917922,1606691593830435849,0,1,111291,T,A,0,2865000000,1,4,23105,134854,NGF1
1606691593832311704,1606691593831965007,0,1,111291,T,A,0,2865000000,3,4,17500,134876,NGF1
1606691595197561623,1606691595197132423,0,1,111291,T,A,0,2864000000,1,4,19931,135131,NGF1
1606691597527259656,1606691597525762535,0,1,111291,T,B,0,2864000000,1,4,18752,135243,NGF1
1606691601160741464,1606691601159987279,0,1,111291,T,A,0,2863000000,3,4,17650,135383,NGF1
1606691601164844329,1606691601160794981,0,1,111291,T,A,0,2863000000,1,4,19055,135442,NGF1
1606691602160259964,1606691602158312791,0,1,111291,T,B,0,2864000000,3,4,19294,135809,NGF1
1606691602160259964,1606691602158312791,0,1,111294,T,N,0,2792000000,1,4,19294,135809,NGH1
1606691602160259964,1606691602158312791,0,1,215879,T,N,0,72000000,1,4,19294,135809,NGF1-NGH1
1606691609089071526,1606691609088059209,0,1,111291,T,A,0,2862000000,2,4,24052,135944,NGF1
1606691609271964429,1606691609271417111,0,1,111293,T,B,0,2850000000,1,4,22764,135958,NGG1
1606691617358279790,1606691617357411445,0,1,111291,T,B,0,2864000000,1,4,28512,136012,NGF1
1606691635090121221,1606691635088960499,0,1,111291,T,B,0,2864000000,1,4,20572,136220,NGF1
1606691640210786216,1606691640208853267,0,1,111291,T,B,0,2864000000,3,4,21718,136251,NGF1
1606691640210786216,1606691640208853267,0,1,111293,T,N,0,2850000000,1,4,21718,136251,NGG1
1606691640210786216,1606691640208853267,0,1,215879,T,N,0,72000000,1,4,21718,136251,NGF1-NGH1
1606691640210786216,1606691640208853267,0,1,111294,T,N,0,2792000000,1,4,21718,136251,NGH1
1606691640210786216,1606691640208853267,0,1,15228,T,N,0,14000000,1,4,21718,136251,NGF1-NGG1
1606691640212697764,1606691640210938721,0,1,111293,T,B,0,2850000000,1,4,18779,136292,NGG1
1606691640213133071,1606691640212259873,0,1,111293,T,B,0,2850000000,1,4,19174,136308,NGG1
1606691640213133071,1606691640212386719,0,1,111294,T,B,0,2792000000,1,4,19174,136308,NGH1
1606691640225503192,1606691640225154295,0,1,111291,T,A,0,2863000000,1,4,17575,136320,NGF1
1606691642269633875,1606691642267887055,0,1,111291,T,B,0,2864000000,5,4,24806,136475,NGF1
1606691642269633875,1606691642267887055,0,1,111294,T,N,0,2792000000,2,4,24806,136475,NGH1
1606691642269633875,1606691642267887055,0,1,111293,T,N,0,2850000000,1,4,24806,136475,NGG1
1606691642269633875,1606691642267887055,0,1,15228,T,N,0,14000000,1,4,24806,136475,NGF1-NGG1
1606691642269633875,1606691642267887055,0,1,215879,T,N,0,72000000,2,4,24806,136475,NGF1-NGH1
1606691642269807090,1606691642268175937,0,1,111293,T,B,0,2850000000,1,4,21048,136479,NGG1
1606691645261155177,1606691645260420367,0,1,111291,T,B,0,2864000000,1,4,19469,136649,NGF1
1606691647884512227,1606691647882992409,0,1,111291,T,A,0,2863000000,1,4,17604,136754,NGF1
1606691652591981111,1606691652590790875,0,1,15052,T,B,0,-21000000,3,4,23225,136848,NGN1-NGQ1
1606691659018712735,1606691659017925105,0,1,111291,T,A,0,2862000000,1,4,22118,137213,NGF1
1606691662896638321,1606691662895692595,0,1,111291,T,A,0,2862000000,2,4,33175,137509,NGF1
1606691662897198180,1606691662895693645,0,1,111291,T,A,0,2862000000,5,4,18457,137513,NGF1
1606691662897345187,1606691662895712279,0,1,111291,T,A,0,2862000000,8,4,17892,137515,NGF1
1606691662898793049,1606691662895826339,0,1,111291,T,A,0,2862000000,23,4,18042,137545,NGF1
1606691662899210728,1606691662895829283,0,1,111291,T,A,0,2862000000,8,4,18655,137547,NGF1
1606691662899415799,1606691662895892121,0,1,111291,T,A,0,2862000000,2,4,18151,137549,NGF1
1606691662900005154,1606691662896847635,0,1,111291,T,A,0,2862000000,1,4,18723,137559,NGF1
1606691662900851401,1606691662898359373,0,1,111291,T,A,0,2862000000,1,4,18065,137574,NGF1
1606691662900870241,1606691662898362861,0,1,111291,T,A,0,2862000000,2,4,18149,137575,NGF1
1606691662902218978,1606691662899930485,0,1,111291,T,A,0,2862000000,1,4,18488,137599,NGF1
1606691662902488378,1606691662900034413,0,1,111291,T,A,0,2862000000,1,4,18038,137604,NGF1
1606691662903292604,1606691662901975885,0,1,143984,T,N,0,3149000000,1,4,17941,137623,NGF2
1606691662903292604,1606691662901975885,0,1,17356,T,N,0,-103000000,1,4,17941,137623,NGZ1-NGF2
1606691662903292604,1606691662901975885,0,1,111314,T,A,0,3046000000,1,132,17941,137623,NGZ1
1606691668436368654,1606691668435459867,0,1,111291,T,B,0,2863000000,1,4,17667,137959,NGF1
1606691668481676064,1606691668480067775,0,1,111291,T,B,0,2864000000,4,4,19388,138028,NGF1
1606691668481676064,1606691668480067775,0,1,111293,T,N,0,2850000000,1,4,19388,138028,NGG1
1606691668481676064,1606691668480067775,0,1,215879,T,N,0,72000000,1,4,19388,138028,NGF1-NGH1
1606691668481676064,1606691668480067775,0,1,15228,T,N,0,14000000,1,4,19388,138028,NGF1-NGG1
1606691668481676064,1606691668480067775,0,1,111294,T,N,0,2792000000,1,4,19388,138028,NGH1
1606691668483235309,1606691668481949837,0,1,111291,T,A,0,2864000000,2,4,22783,138063,NGF1
1606691668485024770,1606691668483243927,0,1,111291,T,A,0,2864000000,1,4,18018,138109,NGF1
1606691668489420837,1606691668487659559,0,1,111294,T,B,0,2792000000,1,4,18374,138190,NGH1
1606691668489666129,1606691668489038683,0,1,111291,T,A,0,2864000000,1,4,18014,138201,NGF1
1606691668489934533,1606691668489582181,0,1,111294,T,B,0,2792000000,1,4,17932,138204,NGH1
1606691668525595141,1606691668525137655,0,1,111291,T,B,0,2865000000,2,4,17539,138336,NGF1
1606691668525791597,1606691668525343157,0,1,111291,T,A,0,2865000000,1,4,19375,138343,NGF1
1606691668551895336,1606691668551384993,0,1,111291,T,A,0,2865000000,1,4,17713,138748,NGF1
1606691668552411203,1606691668552019969,0,1,111291,T,A,0,2865000000,2,4,17378,138753,NGF1
1606691670376262180,1606691670375237263,0,1,111291,T,B,0,2864000000,3,4,18900,139111,NGF1
1606691671114109504,1606691671113503873,0,1,111291,T,B,0,2864000000,1,4,23882,139203,NGF1
1606691671686632763,1606691671686107739,0,1,111293,T,B,0,2849000000,1,4,17485,139211,NGG1
1606691672055981048,1606691672055119469,0,1,111294,T,A,0,2792000000,1,4,18738,139463,NGH1
1606691677611937272,1606691677610622623,0,1,111291,T,A,0,2862000000,1,4,24194,139693,NGF1
1606691679417388035,1606691679416742727,0,1,111291,T,A,0,2862000000,1,4,24288,139787,NGF1
1606691692534142144,1606691692533258557,0,1,111291,T,A,0,2862000000,2,4,18095,140225,NGF1
1606691692534191788,1606691692533266247,0,1,111291,T,A,0,2861000000,6,4,21683,140228,NGF1
1606691692575029246,1606691692574651457,0,1,111291,T,A,0,2861000000,7,4,17553,140307,NGF1
1606691692612979641,1606691692612606339,0,1,111291,T,A,0,2861000000,1,4,18304,140351,NGF1
1606691693068912556,1606691693064654469,0,1,111291,T,N,0,2862000000,3,4,20794,140701,NGF1
1606691693068912556,1606691693064654469,0,1,111294,T,B,0,2791000000,1,4,20794,140701,NGH1
1606691693068912556,1606691693064654469,0,1,111294,T,B,0,2792000000,7,4,20794,140701,NGH1
1606691693068912556,1606691693064654469,0,1,111293,T,N,0,2849000000,1,4,20794,140701,NGG1
1606691693068912556,1606691693064654469,0,1,215879,T,N,0,70000000,3,4,20794,140701,NGF1-NGH1
1606691693068912556,1606691693064654469,0,1,24512,T,N,0,102000000,2,4,20794,140701,NGH1-NGJ1
1606691693068912556,1606691693064654469,0,1,111296,T,N,0,2690000000,2,4,20794,140701,NGJ1
1606691693068912556,1606691693064654469,0,1,215880,T,N,0,58000000,1,4,20794,140701,NGG1-NGH1
1606691693073738695,1606691693069284401,0,1,215879,T,A,0,70000000,1,4,18597,140825,NGF1-NGH1
1606691693073765283,1606691693069323205,0,1,111294,T,A,0,2792000000,2,4,16966,140827,NGH1
1606691693079423612,1606691693074718117,0,1,24512,T,B,0,101000000,3,4,18000,140995,NGH1-NGJ1
1606691693091366178,1606691693084622755,0,1,24512,T,B,0,101000000,4,4,18155,141270,NGH1-NGJ1
1606691693092972751,1606691693086750649,0,1,24512,T,A,0,100000000,5,4,17118,141301,NGH1-NGJ1
1606691693100220769,1606691693099808841,0,1,111291,T,A,0,2861000000,4,4,18359,141404,NGF1
1606691696243227786,1606691696242405519,0,1,111291,T,B,0,2861000000,1,4,22931,141716,NGF1
1606691702393566550,1606691702392118677,0,1,111291,T,B,0,2861000000,1,4,24706,141836,NGF1
1606691705925666675,1606691705924814173,0,1,111291,T,B,0,2861000000,3,4,28416,141923,NGF1
1606691705925774551,1606691705925156891,0,1,111293,T,B,0,2849000000,1,4,22419,141927,NGG1
1606691705926134482,1606691705925438955,0,1,111294,T,B,0,2792000000,2,4,24491,141931,NGH1
1606691713543662655,1606691713542664625,0,1,111291,T,A,0,2860000000,2,4,18940,142120,NGF1
1606691733748392606,1606691733747485027,0,1,111291,T,B,0,2861000000,2,4,22721,142480,NGF1
1606691733937113533,1606691733936524801,0,1,204979,T,B,0,6000000,1,4,18325,142613,NGJ1-NGK1
1606691733972811775,1606691733972008765,0,1,43150,T,B,0,43000000,1,4,17919,142742,NG:BF J1-K1-M1
1606691734106142490,1606691734105791851,0,1,111291,T,B,0,2861000000,1,4,18078,142832,NGF1
1606691738365999127,1606691738365194813,0,1,111291,T,B,0,2861000000,1,4,27160,142920,NGF1
1606691745072187619,1606691745070402109,0,1,111291,T,B,0,2862000000,2,4,24160,143122,NGF1
1606691746528146918,1606691746527492509,0,1,111291,T,B,0,2862000000,1,4,17623,143269,NGF1
1606691748839662543,1606691748838516309,0,1,41645,T,A,0,-129000000,1,4,18048,143551,NGJ1-NGV1
1606691753608415485,1606691753607606955,0,1,111291,T,B,0,2862000000,1,4,23562,143984,NGF1
1606691756385876080,1606691756384899363,0,1,111291,T,B,0,2862000000,1,4,25228,144059,NGF1
1606691762484191245,1606691762483016745,0,1,111291,T,B,0,2862000000,1,4,23395,144149,NGF1
1606691762484241941,1606691762483343713,0,1,111293,T,B,0,2850000000,1,4,21157,144152,NGG1
1606691768736231706,1606691768735257647,0,1,111291,T,B,0,2862000000,1,4,24953,144394,NGF1
1606691771245290903,1606691771243977845,0,1,111291,T,A,0,2861000000,2,4,30919,144411,NGF1
1606691775267672040,1606691775266770139,0,1,111291,T,A,0,2860000000,1,4,20932,144544,NGF1
1606691811357574468,1606691811354534201,0,1,111291,T,B,0,2860000000,3,4,21305,145437,NGF1
1606691811357574468,1606691811354534201,0,1,111291,T,B,0,2861000000,7,4,21305,145437,NGF1
1606691811357796119,1606691811354537345,0,1,111291,T,B,0,2862000000,3,4,18146,145442,NGF1
1606691811357796119,1606691811354537345,0,1,111294,T,N,0,2791000000,1,4,18146,145442,NGH1
1606691811357796119,1606691811354537345,0,1,215879,T,N,0,71000000,1,4,18146,145442,NGF1-NGH1
1606691811387192496,1606691811371444337,0,1,111291,T,B,0,2862000000,1,4,20019,146029,NGF1
1606691811401736589,1606691811399513595,0,1,111291,T,B,0,2862000000,1,4,22611,146416,NGF1
1606691811402957635,1606691811402257197,0,1,111291,T,B,0,2862000000,5,4,21165,146442,NGF1
1606691811403075619,1606691811402260027,0,1,111291,T,B,0,2862000000,2,4,18199,146444,NGF1
1606691811426528199,1606691811426152981,0,1,111291,T,B,0,2862000000,1,4,17467,146538,NGF1
1606691813311241441,1606691813310298287,0,1,111291,T,B,0,2863000000,3,4,26120,146798,NGF1
1606691813311351565,1606691813310653091,0,1,111293,T,B,0,2850000000,1,4,21317,146801,NGG1
1606691813324962352,1606691813318004511,0,1,43150,T,B,0,43000000,2,4,18687,147106,NG:BF J1-K1-M1
1606691813337453485,1606691813337076083,0,1,111291,T,A,0,2863000000,2,4,18403,147262,NGF1
1606691813337663512,1606691813337081597,0,1,111291,T,A,0,2862000000,2,4,18308,147266,NGF1
1606691817275342283,1606691817274615049,0,1,111291,T,B,0,2862000000,1,4,18193,147726,NGF1
1606691822375420885,1606691822371518351,0,1,111291,T,B,0,2863000000,1,4,22141,148031,NGF1
1606691822375420885,1606691822371518351,0,1,111291,T,B,0,2864000000,2,4,22141,148031,NGF1
1606691822375420885,1606691822371518351,0,1,111291,T,B,0,2865000000,5,4,22141,148031,NGF1
1606691822375420885,1606691822371518351,0,1,111293,T,N,0,2851000000,1,4,22141,148031,NGG1
1606691822375420885,1606691822371518351,0,1,215879,T,N,0,71000000,1,4,22141,148031,NGF1-NGH1
1606691822375420885,1606691822371518351,0,1,111294,T,N,0,2794000000,1,4,22141,148031,NGH1
1606691822375420885,1606691822371518351,0,1,15228,T,N,0,14000000,1,4,22141,148031,NGF1-NGG1
1606691822375445841,1606691822371518351,0,1,111294,T,B,0,2794000000,2,4,22533,148032,NGH1
1606691822375445841,1606691822371518351,0,1,111294,T,B,0,2795000000,3,4,22533,148032,NGH1
1606691822375445841,1606691822371518351,0,1,111293,T,N,0,2852000000,1,4,22533,148032,NGG1
1606691822375445841,1606691822371518351,0,1,24512,T,N,0,101000000,1,4,22533,148032,NGH1-NGJ1
1606691822375445841,1606691822371518351,0,1,215880,T,N,0,57000000,1,4,22533,148032,NGG1-NGH1
1606691822375445841,1606691822371518351,0,1,111296,T,N,0,2693000000,1,4,22533,148032,NGJ1
1606691822375445841,1606691822371518351,0,1,204963,T,N,0,108000000,1,4,22533,148032,NGH1-NGK1
1606691822375445841,1606691822371518351,0,1,111298,T,N,0,2686000000,1,4,22533,148032,NGK1
1606691822418414729,1606691822416541733,0,1,43150,T,B,0,43000000,1,4,19417,148964,NG:BF J1-K1-M1
1606691822419044976,1606691822416639627,0,1,43150,T,B,0,43000000,1,4,23878,148984,NG:BF J1-K1-M1
1606691829616300977,1606691829615392067,0,1,111291,T,B,0,2866000000,3,4,22950,149499,NGF1
1606691829627750892,1606691829627410307,0,1,111291,T,B,0,2866000000,1,4,17515,149521,NGF1
1606691835886930464,1606691835885251597,0,1,111291,T,B,0,2866000000,1,4,19210,149686,NGF1
1606691836918361987,1606691836917481161,0,1,111291,T,B,0,2867000000,2,4,24651,149744,NGF1
1606691836918375439,1606691836917481161,0,1,111291,T,B,0,2867000000,1,4,21722,149745,NGF1
1606691836920701178,1606691836919333481,0,1,111291,T,B,0,2867000000,2,4,25172,149775,NGF1
1606691836922131480,1606691836920712077,0,1,111291,T,B,0,2867000000,1,4,18106,149803,NGF1
1606691836923589381,1606691836922148771,0,1,111291,T,B,0,2867000000,1,4,20188,149853,NGF1
1606691836945282768,1606691836944932715,0,1,111291,T,A,0,2867000000,1,4,17921,150153,NGF1
1606691839959761702,1606691839959201307,0,1,111291,T,A,0,2866000000,1,4,17763,150331,NGF1
1606691839961798122,1606691839961364373,0,1,111291,T,A,0,2866000000,1,4,17264,150349,NGF1
1606691840114698417,1606691840114275693,0,1,111291,T,B,0,2867000000,1,4,18079,150567,NGF1
1606691843585051311,1606691843584481627,0,1,111291,T,A,0,2867000000,1,4,17991,150813,NGF1
1606691846182904638,1606691846182521201,0,1,111291,T,A,0,2867000000,1,4,23552,150881,NGF1
1606691846293428905,1606691846292974673,0,1,111291,T,A,0,2866000000,1,4,17433,151117,NGF1
1606691846710825577,1606691846710493303,0,1,111291,T,B,0,2867000000,1,4,18493,151241,NGF1
1606691852038453079,1606691852037807725,0,1,111291,T,B,0,2867000000,1,4,21097,151326,NGF1
1606691854292169700,1606691854291595653,0,1,111291,T,B,0,2868000000,1,4,18470,151396,NGF1
1606691863062520385,1606691863061700389,0,1,111291,T,A,0,2867000000,1,4,17896,151693,NGF1
1606691864299313903,1606691864298410095,0,1,111291,T,A,0,2866000000,1,4,23983,151959,NGF1
1606691864301335491,1606691864300014101,0,1,111291,T,A,0,2866000000,1,4,16863,151974,NGF1
1606691865823402282,1606691865822045639,0,1,111291,T,A,0,2865000000,1,4,25305,152093,NGF1
1606691874843887071,1606691874841978959,0,1,204979,T,B,0,6000000,1,4,19105,152542,NGJ1-NGK1
1606691875704431234,1606691875703411757,0,1,111291,T,B,0,2867000000,5,4,18856,152606,NGF1
1606691875704501349,1606691875703769579,0,1,111293,T,B,0,2854000000,1,4,18273,152610,NGG1
1606691897201418868,1606691897200276591,0,1,111291,T,B,0,2866000000,1,4,17320,153525,NGF1
1606691912538239336,1606691912537362591,0,1,111291,T,A,0,2866000000,2,4,23664,154333,NGF1
1606691930991236367,1606691930990725689,0,1,111291,T,A,0,2866000000,2,4,22904,154636,NGF1
1606691931925660505,1606691931925067939,0,1,111291,T,A,0,2866000000,1,4,17922,154748,NGF1
1606691932462569703,1606691932461888873,0,1,111291,T,B,0,2867000000,2,4,23728,154872,NGF1
