ts_recv,ts_event,rtype,publisher_id,instrument_id,action,side,depth,price,size,flags,ts_in_delta,sequence,symbol
1610928000299489357,1610928000298767649,0,1,62635,T,N,0,-176000000,1,0,19034,175259,NGJ1-NGN1
1610928000299489357,1610928000298767649,0,1,111301,T,N,0,2810000000,1,0,19034,175259,NGN1
1610928000299489357,1610928000298767649,0,1,111296,T,A,0,2634000000,1,128,19034,175259,NGJ1
1610928001615715731,1610928001615161053,0,1,111293,T,A,0,2640000000,2,0,21033,175334,NGG1
1610928004701596492,1610928004701031857,0,1,62635,T,A,0,-176000000,1,0,19120,175423,NGJ1-NGN1
1610928008549611047,1610928008549083769,0,1,111293,T,B,0,2640000000,1,0,27859,175577,NGG1
1610928008551215500,1610928008550830975,0,1,111296,T,A,0,2633000000,1,0,18029,175594,NGJ1
1610928018833952412,1610928018833184875,0,1,111293,T,N,0,2640000000,1,0,19208,175761,NGG1
1610928018833952412,1610928018833184875,0,1,215880,T,B,0,26000000,1,128,19208,175761,NGG1-NGH1
1610928018833952412,1610928018833184875,0,1,111294,T,N,0,2614000000,1,0,19208,175761,NGH1
1610928018834532298,1610928018833970725,0,1,111294,T,N,0,2614000000,1,0,22632,175775,NGH1
1610928018834532298,1610928018833970725,0,1,111296,T,A,0,2633000000,1,128,22632,175775,NGJ1
1610928018834532298,1610928018833970725,0,1,24512,T,N,0,-19000000,1,0,22632,175775,NGH1-NGJ1
1610928024953652792,1610928024952594861,0,1,111294,T,B,0,2615000000,1,0,21264,175811,NGH1
1610928024954344491,1610928024953684651,0,1,111294,T,N,0,2615000000,3,0,20885,175817,NGH1
1610928024954344491,1610928024953684651,0,1,215880,T,B,0,26000000,3,128,20885,175817,NGG1-NGH1
1610928024954344491,1610928024953684651,0,1,111293,T,N,0,2641000000,3,0,20885,175817,NGG1
1610928024954597798,1610928024953687869,0,1,111294,T,A,0,2615000000,1,0,17916,175822,NGH1
1610928024957844348,1610928024957073339,0,1,19540,T,B,0,-277000000,1,0,19454,175896,NGV1-NGF2
1610928024970478941,1610928024969970845,0,1,19540,T,B,0,-277000000,1,0,18119,175972,NGV1-NGF2
1610928031271775583,1610928031271071687,0,1,111294,T,B,0,2614000000,1,0,29686,176093,NGH1
1610928032940666704,1610928032940230533,0,1,111294,T,B,0,2615000000,1,0,21217,176199,NGH1
1610928032941354002,1610928032940789863,0,1,111294,T,N,0,2615000000,2,0,19528,176206,NGH1
1610928032941354002,1610928032940789863,0,1,111293,T,N,0,2641000000,2,0,19528,176206,NGG1
1610928032941354002,1610928032940789863,0,1,215880,T,B,0,26000000,2,128,19528,176206,NGG1-NGH1
1610928032941810769,1610928032941368035,0,1,111294,T,A,0,2615000000,2,0,18936,176221,NGH1
1610928032942885651,1610928032942590765,0,1,111293,T,A,0,2641000000,1,0,17812,176250,NGG1
1610928054507857399,1610928054506849193,0,1,111294,T,A,0,2615000000,1,0,18551,176357,NGH1
1610928065202470534,1610928065201677925,0,1,111294,T,A,0,2615000000,1,0,23089,176380,NGH1
1610928065204431515,1610928065203861207,0,1,121360,T,B,0,-105000000,1,0,18128,176397,NGJ1-NGM1
1610928066660765307,1610928066660152853,0,1,111294,T,A,0,2614000000,1,0,24583,176404,NGH1
1610928073317472113,1610928073315773443,0,1,41645,T,B,0,-206000000,1,0,30133,176432,NGJ1-NGV1
1610928079481245133,1610928079480052739,0,1,111294,T,B,0,2616000000,1,0,27700,176443,NGH1
1610928079481245133,1610928079480052739,0,1,111294,T,B,0,2617000000,4,0,27700,176443,NGH1
1610928079481245133,1610928079480052739,0,1,111293,T,N,0,2642000000,2,0,27700,176443,NGG1
1610928079481245133,1610928079480052739,0,1,215880,T,N,0,25000000,2,0,27700,176443,NGG1-NGH1
1610928079486184164,1610928079485330171,0,1,215880,T,B,0,26000000,2,0,17431,176548,NGG1-NGH1
1610928086565809024,1610928086564893543,0,1,204979,T,B,0,-38000000,2,0,28840,176684,NGJ1-NGK1
1610928095369066669,1610928095368424147,0,1,215880,T,A,0,26000000,1,0,18895,176807,NGG1-NGH1
1610928100520249497,1610928100519647881,0,1,111293,T,A,0,2642000000,1,0,18350,176862,NGG1
1610928121077419224,1610928121076365403,0,1,215880,T,A,0,26000000,6,0,28362,176935,NGG1-NGH1
1610928121079482717,1610928121079152017,0,1,111293,T,A,0,2641000000,1,0,18137,176979,NGG1
1610928121081258145,1610928121080310539,0,1,111294,T,N,0,2615000000,1,0,18545,177012,NGH1
1610928121081258145,1610928121080310539,0,1,24512,T,N,0,-19000000,1,0,18545,177012,NGH1-NGJ1
1610928121081258145,1610928121080310539,0,1,111296,T,A,0,2634000000,1,128,18545,177012,NGJ1
1610928121082884610,1610928121082470193,0,1,215880,T,B,0,26000000,4,0,18166,177053,NGG1-NGH1
1610928121084760795,1610928121084364205,0,1,121360,T,B,0,-105000000,1,0,20046,177070,NGJ1-NGM1
1610928121086997435,1610928121086664885,0,1,111294,T,B,0,2615000000,1,0,17366,177075,NGH1
1610928122082997300,1610928122082471543,0,1,215880,T,B,0,26000000,5,0,21439,177144,NGG1-NGH1
1610928123083089156,1610928123082472831,0,1,215880,T,B,0,26000000,4,0,19026,177182,NGG1-NGH1
1610928123083151996,1610928123082491413,0,1,215880,T,B,0,26000000,1,0,21846,177183,NGG1-NGH1
1610928123829458405,1610928123828917131,0,1,111293,T,A,0,2640000000,2,0,17996,177188,NGG1
1610928131823905789,1610928131823053159,0,1,111293,T,A,0,2641000000,2,0,18396,177332,NGG1
1610928131826159085,1610928131825802357,0,1,111294,T,B,0,2615000000,1,0,17976,177362,NGH1
1610928133392736355,1610928133392120079,0,1,111294,T,N,0,2615000000,1,0,19034,177388,NGH1
1610928133392736355,1610928133392120079,0,1,111296,T,A,0,2634000000,1,128,19034,177388,NGJ1
1610928133392736355,1610928133392120079,0,1,24512,T,N,0,-19000000,1,0,19034,177388,NGH1-NGJ1
1610928136916462951,1610928136916004963,0,1,111294,T,B,0,2615000000,1,0,18123,177476,NGH1
1610928137249444941,1610928137248894631,0,1,62831,T,B,0,-71000000,1,0,18188,177571,NGM1-NGN1
1610928142077073639,1610928142076615155,0,1,111293,T,B,0,2641000000,1,0,21766,177618,NGG1
1610928144203186286,1610928144202769481,0,1,111293,T,B,0,2641000000,1,0,20499,177682,NGG1
1610928153538988747,1610928153538095653,0,1,111294,T,N,0,2615000000,1,0,28929,177755,NGH1
1610928153538988747,1610928153538095653,0,1,121353,T,N,0,-127000000,1,0,28929,177755,NGH1-NGM1
1610928153538988747,1610928153538095653,0,1,111299,T,B,0,2742000000,1,128,28929,177755,NGM1
1610928153539378759,1610928153538895413,0,1,121360,T,A,0,-106000000,1,0,18260,177759,NGJ1-NGM1
1610928153644124697,1610928153643690423,0,1,121360,T,B,0,-105000000,1,0,18122,177880,NGJ1-NGM1
1610928166121420905,1610928166120730013,0,1,111294,T,B,0,2615000000,1,0,25837,178036,NGH1
1610928171069617775,1610928171069124959,0,1,111293,T,B,0,2641000000,1,0,28983,178164,NGG1
1610928174765818010,1610928174765362151,0,1,111294,T,B,0,2615000000,1,0,21414,178225,NGH1
1610928176941661434,1610928176940892377,0,1,111294,T,A,0,2614000000,4,0,26004,178375,NGH1
1610928176942057865,1610928176941706597,0,1,111294,T,B,0,2614000000,1,0,27775,178382,NGH1
1610928178121244345,1610928178120830097,0,1,111294,T,A,0,2614000000,1,0,20604,178448,NGH1
1610928178121669748,1610928178121342673,0,1,111294,T,B,0,2614000000,1,0,17316,178455,NGH1
1610928178121796876,1610928178121351219,0,1,111294,T,B,0,2614000000,1,0,21930,178458,NGH1
1610928190881196231,1610928190879705175,0,1,111293,T,A,0,2640000000,6,0,26228,178514,NGG1
1610928221102930832,1610928221102527723,0,1,111293,T,A,0,2639000000,1,0,17988,178580,NGG1
1610928229099798171,1610928229098828077,0,1,111293,T,N,0,2640000000,1,0,20069,178599,NGG1
1610928229099798171,1610928229098828077,0,1,111294,T,N,0,2614000000,1,0,20069,178599,NGH1
1610928229099798171,1610928229098828077,0,1,215880,T,B,0,26000000,1,128,20069,178599,NGG1-NGH1
1610928240269392224,1610928240267774961,0,1,111293,T,B,0,2640000000,1,0,23470,178672,NGG1
1610928244573898081,1610928244569922633,0,1,215880,T,B,0,26000000,4,0,18694,179018,NGG1-NGH1
1610928269660244392,1610928269659360365,0,1,111293,T,A,0,2639000000,1,0,18212,181809,NGG1
1610928269660799647,1610928269659833289,0,1,111294,T,A,0,2613000000,1,128,18308,181814,NGH1
1610928269660799647,1610928269659833289,0,1,24512,T,N,0,-20000000,1,0,18308,181814,NGH1-NGJ1
1610928269660799647,1610928269659833289,0,1,111296,T,N,0,2633000000,1,0,18308,181814,NGJ1
1610928269661257058,1610928269659842021,0,1,111296,T,A,0,2633000000,6,128,20717,181818,NGJ1
1610928269661257058,1610928269659842021,0,1,62635,T,N,0,-177000000,6,0,20717,181818,NGJ1-NGN1
1610928269661257058,1610928269659842021,0,1,111301,T,N,0,2810000000,6,0,20717,181818,NGN1
1610928269661407382,1610928269659846291,0,1,24512,T,A,0,-20000000,7,0,18651,181820,NGH1-NGJ1
1610928269661507761,1610928269659850701,0,1,62635,T,A,0,-177000000,1,0,17899,181822,NGJ1-NGN1
1610928269662017717,1610928269660875395,0,1,24512,T,A,0,-20000000,7,0,18107,181836,NGH1-NGJ1
1610928269663448458,1610928269662521935,0,1,24512,T,B,0,-20000000,1,0,19675,181903,NGH1-NGJ1
1610928269663490146,1610928269662670925,0,1,111293,T,A,0,2639000000,4,128,18622,181905,NGG1
1610928269663490146,1610928269662670925,0,1,10687,T,N,0,-190000000,4,0,18622,181905,NGG1-NGQ1
1610928269663490146,1610928269662670925,0,1,111303,T,N,0,2829000000,4,0,18622,181905,NGQ1
1610928269677103028,1610928269676594139,0,1,111301,T,N,0,2810000000,3,0,18809,181945,NGN1
1610928269677103028,1610928269676594139,0,1,62811,T,N,0,-138000000,3,0,18809,181945,NGK1-NGN1
1610928269677103028,1610928269676594139,0,1,111298,T,A,0,2672000000,3,128,18809,181945,NGK1
1610928270862546032,1610928270861809417,0,1,111301,T,N,0,2810000000,1,0,18533,182004,NGN1
1610928270862546032,1610928270861809417,0,1,62635,T,N,0,-177000000,1,0,18533,182004,NGJ1-NGN1
1610928270862546032,1610928270861809417,0,1,111296,T,A,0,2633000000,1,128,18533,182004,NGJ1
1610928270863007539,1610928270862595723,0,1,62635,T,A,0,-177000000,1,0,18171,182010,NGJ1-NGN1
1610928270868150525,1610928270867766999,0,1,62635,T,N,0,-177000000,1,0,18736,182023,NGJ1-NGN1
1610928270868150525,1610928270867766999,0,1,111296,T,A,0,2633000000,1,128,18736,182023,NGJ1
1610928270868150525,1610928270867766999,0,1,111301,T,N,0,2810000000,1,0,18736,182023,NGN1
1610928278837725427,1610928278836687557,0,1,111303,T,N,0,2829000000,1,0,37448,182158,NGQ1
1610928278837725427,1610928278836687557,0,1,10687,T,N,0,-190000000,1,0,37448,182158,NGG1-NGQ1
1610928278837725427,1610928278836687557,0,1,111293,T,A,0,2639000000,1,128,37448,182158,NGG1
1610928279262255690,1610928279261704377,0,1,111293,T,B,0,2640000000,1,0,20429,182187,NGG1
1610928280188045395,1610928280187410035,0,1,24512,T,A,0,-20000000,5,0,24283,182212,NGH1-NGJ1
1610928298059184555,1610928298058311119,0,1,111294,T,B,0,2613000000,1,0,25144,182333,NGH1
1610928300531068735,1610928300529309161,0,1,111293,T,A,0,2639000000,2,128,21054,182346,NGG1
1610928300531068735,1610928300529309161,0,1,10687,T,N,0,-190000000,2,0,21054,182346,NGG1-NGQ1
1610928300531068735,1610928300529309161,0,1,111303,T,N,0,2829000000,2,0,21054,182346,NGQ1
1610928306643437559,1610928306642713681,0,1,111294,T,B,0,2613000000,1,0,21430,182371,NGH1
1610928306874899725,1610928306874319113,0,1,111303,T,N,0,2829000000,1,0,27787,182373,NGQ1
1610928306874899725,1610928306874319113,0,1,10687,T,N,0,-190000000,1,0,27787,182373,NGG1-NGQ1
1610928306874899725,1610928306874319113,0,1,111293,T,A,0,2639000000,1,128,27787,182373,NGG1
1610928308839964442,1610928308839072601,0,1,111293,T,A,0,2639000000,1,128,33440,182391,NGG1
1610928308839964442,1610928308839072601,0,1,10687,T,N,0,-190000000,1,0,33440,182391,NGG1-NGQ1
1610928308839964442,1610928308839072601,0,1,111303,T,N,0,2829000000,1,0,33440,182391,NGQ1
1610928308841371595,1610928308840774543,0,1,111303,T,N,0,2829000000,2,0,18516,182402,NGQ1
1610928308841371595,1610928308840774543,0,1,10687,T,N,0,-190000000,2,0,18516,182402,NGG1-NGQ1
1610928308841371595,1610928308840774543,0,1,111293,T,A,0,2639000000,2,0,18516,182402,NGG1
1610928308842129346,1610928308841203429,0,1,111293,T,A,0,2639000000,1,128,18504,182406,NGG1
1610928308842129346,1610928308841203429,0,1,10687,T,N,0,-190000000,1,0,18504,182406,NGG1-NGQ1
1610928308842129346,1610928308841203429,0,1,111303,T,N,0,2829000000,1,0,18504,182406,NGQ1
1610928310420149374,1610928310419393755,0,1,111298,T,A,0,2671000000,1,128,20298,182423,NGK1
1610928310420149374,1610928310419393755,0,1,111305,T,N,0,2818000000,1,0,20298,182423,NGU1
1610928310420149374,1610928310419393755,0,1,282762,T,N,0,-147000000,1,0,20298,182423,NGK1-NGU1
1610928310420246674,1610928310419400259,0,1,215880,T,B,0,26000000,5,0,17676,182425,NGG1-NGH1
1610928310437172090,1610928310436767057,0,1,111303,T,N,0,2829000000,3,0,19002,182471,NGQ1
1610928310437172090,1610928310436767057,0,1,10687,T,N,0,-190000000,3,0,19002,182471,NGG1-NGQ1
1610928310437172090,1610928310436767057,0,1,111293,T,A,0,2639000000,3,128,19002,182471,NGG1
1610928310437399461,1610928310436771781,0,1,215880,T,B,0,26000000,5,0,18831,182475,NGG1-NGH1
1610928310438355180,1610928310438028135,0,1,111293,T,A,0,2638000000,2,0,18276,182488,NGG1
1610928310450386905,1610928310449856087,0,1,215880,T,B,0,26000000,5,0,18134,182508,NGG1-NGH1
1610928310450552413,1610928310449861013,0,1,10687,T,A,0,-190000000,5,0,18313,182510,NGG1-NGQ1
1610928310450726808,1610928310449864365,0,1,111305,T,A,0,2818000000,5,0,17606,182512,NGU1
1610928310463019857,1610928310462656311,0,1,215880,T,B,0,26000000,5,0,18037,182528,NGG1-NGH1
1610928310463151945,1610928310462661303,0,1,10687,T,A,0,-190000000,5,0,17911,182530,NGG1-NGQ1
1610928310463272569,1610928310462664389,0,1,111305,T,A,0,2818000000,5,0,18102,182532,NGU1
1610928310475593414,1610928310475201651,0,1,215880,T,B,0,26000000,5,0,20188,182540,NGG1-NGH1
1610928310475996321,1610928310475621127,0,1,62635,T,A,0,-177000000,1,0,17437,182550,NGJ1-NGN1
1610928310476314876,1610928310475818627,0,1,111294,T,A,0,2612000000,7,0,18395,182554,NGH1
1610928310686819906,1610928310686490179,0,1,111294,T,A,0,2611000000,1,0,18504,182620,NGH1
1610928310708705253,1610928310708020865,0,1,111293,T,A,0,2637000000,5,0,18091,182623,NGG1
1610928310708714325,1610928310708020865,0,1,111293,T,A,0,2637000000,1,0,17752,182624,NGG1
1610928310709080224,1610928310708765149,0,1,111293,T,A,0,2637000000,1,0,18264,182628,NGG1
1610928311230649841,1610928311230245433,0,1,111294,T,A,0,2611000000,2,0,18154,182685,NGH1
1610928311271551717,1610928311270936131,0,1,111294,T,N,0,2612000000,1,0,20173,182708,NGH1
1610928311271551717,1610928311270936131,0,1,24512,T,B,0,-20000000,1,128,20173,182708,NGH1-NGJ1
1610928311271551717,1610928311270936131,0,1,111296,T,N,0,2632000000,1,0,20173,182708,NGJ1
1610928323627655195,1610928323626736655,0,1,111294,T,A,0,2612000000,1,0,18333,182797,NGH1
1610928325607048397,1610928325606443659,0,1,111293,T,A,0,2637000000,1,0,21104,182828,NGG1
1610928325607449229,1610928325607084595,0,1,111293,T,A,0,2637000000,1,0,18346,182832,NGG1
1610928327181221284,1610928327180641115,0,1,111294,T,B,0,2612000000,1,0,27925,182856,NGH1
1610928329784573095,1610928329784039103,0,1,111294,T,A,0,2611000000,1,0,22598,182899,NGH1
1610928329788527356,1610928329786007509,0,1,111294,T,B,0,2611000000,1,0,17931,182916,NGH1
1610928329788689075,1610928329786014155,0,1,111305,T,A,0,2818000000,1,0,17359,182920,NGU1
1610928331176253686,1610928331173912815,0,1,111293,T,A,0,2636000000,1,0,32139,182946,NGG1
1610928331176277854,1610928331173912815,0,1,111293,T,A,0,2636000000,5,0,24709,182947,NGG1
1610928331176277854,1610928331173912815,0,1,111293,T,A,0,2636000000,2,0,24709,182947,NGG1
1610928331176277854,1610928331173912815,0,1,111293,T,A,0,2635000000,6,0,24709,182947,NGG1
1610928331176277854,1610928331173912815,0,1,111293,T,A,0,2635000000,3,0,24709,182947,NGG1
1610928331176277854,1610928331173912815,0,1,111293,T,A,0,2635000000,3,0,24709,182947,NGG1
1610928331176277854,1610928331173912815,0,1,111293,T,A,0,2634000000,7,0,24709,182947,NGG1
1610928331176277854,1610928331173912815,0,1,111294,T,N,0,2610000000,3,0,24709,182947,NGH1
1610928331176277854,1610928331173912815,0,1,111294,T,N,0,2610000000,3,0,24709,182947,NGH1
1610928331176277854,1610928331173912815,0,1,111294,T,N,0,2610000000,2,0,24709,182947,NGH1
1610928331176277854,1610928331173912815,0,1,111294,T,N,0,2609000000,1,0,24709,182947,NGH1
1610928331176277854,1610928331173912815,0,1,111296,T,N,0,2631000000,1,0,24709,182947,NGJ1
1610928331176277854,1610928331173912815,0,1,111296,T,N,0,2630000000,1,0,24709,182947,NGJ1
1610928331176277854,1610928331173912815,0,1,215880,T,N,0,25000000,3,0,24709,182947,NGG1-NGH1
1610928331176277854,1610928331173912815,0,1,215880,T,N,0,25000000,3,0,24709,182947,NGG1-NGH1
1610928331176277854,1610928331173912815,0,1,215880,T,N,0,25000000,3,0,24709,182947,NGG1-NGH1
1610928331176277854,1610928331173912815,0,1,24463,T,N,0,4000000,2,0,24709,182947,NGG1-NGJ1
1610928331176706033,1610928331173912815,0,1,111294,T,A,0,2609000000,1,0,28749,182948,NGH1
1610928331176706033,1610928331173912815,0,1,111298,T,N,0,2669000000,1,0,28749,182948,NGK1
1610928331176706033,1610928331173912815,0,1,204963,T,N,0,-60000000,1,0,28749,182948,NGH1-NGK1
1610928331176709777,1610928331173912815,0,1,111293,T,A,0,2633000000,1,0,20459,182949,NGG1
1610928331179941383,1610928331177384689,0,1,111296,T,A,0,2631000000,1,128,18193,183023,NGJ1
1610928331179941383,1610928331177384689,0,1,62635,T,N,0,-178000000,1,0,18193,183023,NGJ1-NGN1
1610928331179941383,1610928331177384689,0,1,111301,T,N,0,2809000000,1,0,18193,183023,NGN1
1610928331182626502,1610928331181070677,0,1,111294,T,N,0,2610000000,1,0,18034,183082,NGH1
1610928331182626502,1610928331181070677,0,1,111305,T,N,0,2818000000,1,0,18034,183082,NGU1
1610928331182626502,1610928331181070677,0,1,282760,T,B,0,-208000000,1,128,18034,183082,NGH1-NGU1
1610928331182888666,1610928331181075267,0,1,121360,T,A,0,-106000000,1,0,19729,183086,NGJ1-NGM1
1610928331183035542,1610928331181254231,0,1,111301,T,A,0,2809000000,1,0,19943,183090,NGN1
1610928331183246105,1610928331181657509,0,1,111301,T,A,0,2809000000,1,0,19088,183093,NGN1
1610928331196483173,1610928331196210041,0,1,111293,T,A,0,2634000000,2,0,18213,183198,NGG1
1610928331297525187,1610928331297159911,0,1,111293,T,A,0,2635000000,1,0,18747,183235,NGG1
1610928331338350576,1610928331338013373,0,1,111294,T,B,0,2611000000,1,0,18291,183248,NGH1
1610928331338475304,1610928331338016585,0,1,111305,T,A,0,2818000000,1,0,18297,183251,NGU1
1610928331338694180,1610928331338020123,0,1,121360,T,A,0,-106000000,1,0,18496,183253,NGJ1-NGM1
1610928339863486827,1610928339862166793,0,1,111293,T,A,0,2635000000,1,0,32316,183357,NGG1
1610928341604443569,1610928341603751869,0,1,111293,T,B,0,2636000000,1,0,24288,183390,NGG1
1610928345939404927,1610928345938887351,0,1,111293,T,A,0,2636000000,1,0,25960,183426,NGG1
1610928346021821529,1610928346021463505,0,1,111293,T,B,0,2637000000,3,0,20901,183432,NGG1
1610928346022556244,1610928346021862499,0,1,111293,T,B,0,2637000000,1,0,17843,183443,NGG1
1610928349997555368,1610928349997083403,0,1,111294,T,B,0,2611000000,2,0,17465,183502,NGH1
1610928356745742948,1610928356745083415,0,1,111293,T,A,0,2637000000,2,0,30898,183562,NGG1
1610928357143380480,1610928357142707095,0,1,24512,T,B,0,-20000000,1,0,18550,183582,NGH1-NGJ1
1610928360531947671,1610928360531561487,0,1,111293,T,A,0,2637000000,1,0,18411,183614,NGG1
1610928360540024024,1610928360539480365,0,1,111293,T,B,0,2637000000,1,0,18443,183633,NGG1
1610928370598729629,1610928370597603381,0,1,111293,T,B,0,2638000000,10,0,24715,183677,NGG1
1610928370601939071,1610928370601442351,0,1,111293,T,B,0,2638000000,1,0,17428,183734,NGG1
1610928382288426586,1610928382281603053,0,1,111305,T,N,0,2818000000,26,0,23904,183778,NGU1
1610928382288426586,1610928382281603053,0,1,41958,T,N,0,-22000000,25,0,23904,183778,NGU1-NGV1
1610928382288426586,1610928382281603053,0,1,111311,T,A,0,2841000000,1,0,23904,183778,NGV1
1610928382288426586,1610928382281603053,0,1,111311,T,A,0,2840000000,35,0,23904,183778,NGV1
1610928382288426586,1610928382281603053,0,1,111313,T,N,0,2898000000,1,0,23904,183778,NGX1
1610928382288426586,1610928382281603053,0,1,25200,T,N,0,35000000,1,0,23904,183778,NG:BF U21-V21-X21
1610928382289212429,1610928382288277007,0,1,41958,T,B,0,-22000000,3,0,18277,183788,NGU1-NGV1
1610928401360692850,1610928401359945639,0,1,111293,T,B,0,2638000000,1,0,25885,184149,NGG1
1610928404188605641,1610928404188004509,0,1,111294,T,A,0,2611000000,1,0,24293,184174,NGH1
1610928409560892015,1610928409559509389,0,1,111293,T,B,0,2638000000,2,0,18653,184199,NGG1
1610928409561478470,1610928409560926259,0,1,111293,T,B,0,2638000000,3,0,18584,184206,NGG1
1610928415398346830,1610928415397229723,0,1,111293,T,N,0,2638000000,3,0,30146,184244,NGG1
1610928415398346830,1610928415397229723,0,1,111294,T,B,0,2612000000,3,0,30146,184244,NGH1
1610928415398346830,1610928415397229723,0,1,111294,T,B,0,2613000000,5,0,30146,184244,NGH1
1610928415398346830,1610928415397229723,0,1,215880,T,N,0,25000000,3,0,30146,184244,NGG1-NGH1
1610928415399778816,1610928415398382731,0,1,111293,T,B,0,2638000000,2,0,17914,184274,NGG1
1610928415400373415,1610928415399390035,0,1,111293,T,B,0,2638000000,1,0,19426,184285,NGG1
1610928415401445841,1610928415400637455,0,1,111293,T,B,0,2638000000,4,0,19443,184305,NGG1
1610928415401908664,1610928415401298753,0,1,111293,T,B,0,2638000000,3,0,18239,184313,NGG1
1610928424964628504,1610928424963627427,0,1,19540,T,A,0,-278000000,1,0,31035,184406,NGV1-NGF2
1610928424966381605,1610928424965841583,0,1,19540,T,B,0,-278000000,4,0,18264,184412,NGV1-NGF2
1610928429478807353,1610928429478287361,0,1,111293,T,B,0,2638000000,1,0,25161,184430,NGG1
1610928430433640125,1610928430433063947,0,1,111293,T,B,0,2638000000,1,0,18130,184442,NGG1
1610928431375488292,1610928431375045881,0,1,111293,T,B,0,2638000000,1,0,27464,184491,NGG1
1610928438849474584,1610928438849011391,0,1,111293,T,A,0,2637000000,1,0,27371,184520,NGG1
1610928439501931992,1610928439501582869,0,1,111293,T,B,0,2638000000,1,0,29565,184525,NGG1
1610928439503942805,1610928439503635243,0,1,111293,T,B,0,2638000000,1,0,18080,184534,NGG1
1610928439505783301,1610928439505521037,0,1,111293,T,B,0,2638000000,1,0,18503,184547,NGG1
1610928439507712694,1610928439507362969,0,1,111293,T,B,0,2638000000,1,0,18071,184549,NGG1
1610928467753924310,1610928467753338039,0,1,111293,T,B,0,2638000000,2,0,20589,184604,NGG1
1610928468125172830,1610928468124687195,0,1,111294,T,B,0,2613000000,1,0,24037,184631,NGH1
1610928473059765286,1610928473055204735,0,1,111293,T,B,0,2638000000,1,0,17865,184652,NGG1
1610928473060363213,1610928473059951849,0,1,111293,T,B,0,2638000000,1,0,18134,184654,NGG1
1610928473060554469,1610928473059955477,0,1,111293,T,B,0,2638000000,2,0,17112,184656,NGG1
1610928473502036924,1610928473501684807,0,1,111293,T,B,0,2638000000,1,0,20784,184685,NGG1
1610928474501905539,1610928474501559631,0,1,111293,T,B,0,2638000000,1,0,21448,184688,NGG1
1610928474504668918,1610928474503517203,0,1,111293,T,B,0,2638000000,1,0,18513,184702,NGG1
1610928474506156247,1610928474505635619,0,1,111293,T,B,0,2638000000,1,0,17905,184708,NGG1
1610928474506187171,1610928474505866661,0,1,111293,T,B,0,2638000000,1,0,25027,184709,NGG1
1610928474506463206,1610928474506166317,0,1,111293,T,B,0,2638000000,1,0,17417,184711,NGG1
1610928474506976577,1610928474506167963,0,1,111293,T,N,0,2638000000,1,0,18231,184713,NGG1
1610928474506976577,1610928474506167963,0,1,111294,T,B,0,2613000000,1,128,18231,184713,NGH1
1610928474506976577,1610928474506167963,0,1,215880,T,N,0,25000000,1,0,18231,184713,NGG1-NGH1
1610928474507764132,1610928474507370211,0,1,111293,T,B,0,2638000000,2,0,16806,184728,NGG1
1610928475502055599,1610928475501663543,0,1,111293,T,B,0,2638000000,1,0,20134,184750,NGG1
1610928475503930895,1610928475503636793,0,1,111293,T,B,0,2638000000,1,0,17838,184752,NGG1
1610928475505681440,1610928475505413211,0,1,111293,T,B,0,2638000000,1,0,17573,184754,NGG1
1610928475507517345,1610928475507255673,0,1,111293,T,B,0,2638000000,1,0,17194,184757,NGG1
1610928475509620277,1610928475509256445,0,1,111294,T,B,0,2613000000,1,0,17219,184770,NGH1
1610928475509948036,1610928475509631679,0,1,111293,T,B,0,2638000000,1,0,17615,184775,NGG1
1610928475510522007,1610928475509960287,0,1,111293,T,N,0,2638000000,1,0,18547,184779,NGG1
1610928475510522007,1610928475509960287,0,1,111294,T,B,0,2613000000,1,128,18547,184779,NGH1
1610928475510522007,1610928475509960287,0,1,215880,T,N,0,25000000,1,0,18547,184779,NGG1-NGH1
1610928476503704265,1610928476503056019,0,1,111293,T,B,0,2638000000,1,0,18503,184803,NGG1
1610928479332038512,1610928479331548609,0,1,111293,T,B,0,2638000000,3,0,21684,184812,NGG1
1610928479503333043,1610928479503009647,0,1,111293,T,B,0,2638000000,1,0,17968,184836,NGG1
1610928479505165808,1610928479504874363,0,1,111293,T,B,0,2638000000,1,0,17756,184839,NGG1
1610928495714443004,1610928495713686071,0,1,111293,T,N,0,2638000000,1,0,21877,184887,NGG1
1610928495714443004,1610928495713686071,0,1,111301,T,N,0,2809000000,1,0,21877,184887,NGN1
1610928495714443004,1610928495713686071,0,1,62616,T,B,0,-171000000,1,128,21877,184887,NGG1-NGN1
1610928495715053359,1610928495714461871,0,1,111301,T,A,0,2809000000,4,0,18029,184889,NGN1
1610928495715183611,1610928495714462065,0,1,111293,T,B,0,2638000000,2,0,19408,184891,NGG1
1610928495716174013,1610928495715191923,0,1,111301,T,A,0,2809000000,5,0,23551,184906,NGN1
1610928495716494472,1610928495715323695,0,1,111301,T,A,0,2809000000,1,0,17956,184910,NGN1
1610928496504973822,1610928496504628255,0,1,111293,T,B,0,2638000000,1,0,18112,184944,NGG1
1610928496506826734,1610928496506519779,0,1,111293,T,B,0,2638000000,1,0,18089,184946,NGG1
1610928496508621139,1610928496508344315,0,1,111293,T,B,0,2638000000,1,0,17818,184948,NGG1
1610928496573054464,1610928496572638951,0,1,111293,T,N,0,2638000000,1,0,18730,184952,NGG1
1610928496573054464,1610928496572638951,0,1,111301,T,N,0,2809000000,1,0,18730,184952,NGN1
1610928496573054464,1610928496572638951,0,1,62616,T,B,0,-171000000,1,128,18730,184952,NGG1-NGN1
1610928499250159755,1610928499249783247,0,1,111293,T,B,0,2638000000,1,0,22032,184957,NGG1
1610928499255449613,1610928499254784353,0,1,111294,T,B,0,2613000000,2,0,19765,184994,NGH1
1610928499255901456,1610928499255276837,0,1,111293,T,B,0,2639000000,1,0,17720,185009,NGG1
1610928499503271954,1610928499502950541,0,1,111293,T,B,0,2640000000,1,0,17747,185107,NGG1
1610928499504380460,1610928499503899045,0,1,111293,T,B,0,2640000000,1,128,17707,185121,NGG1
1610928499504380460,1610928499503899045,0,1,111294,T,N,0,2614000000,1,0,17707,185121,NGH1
1610928499504380460,1610928499503899045,0,1,215880,T,N,0,26000000,1,0,17707,185121,NGG1-NGH1
1610928503322375878,1610928503320998527,0,1,111293,T,A,0,2638000000,1,0,26624,185141,NGG1
1610928503323912132,1610928503322497145,0,1,111294,T,N,0,2613000000,1,0,18266,185155,NGH1
1610928503323912132,1610928503322497145,0,1,111311,T,N,0,2840000000,1,0,18266,185155,NGV1
1610928503323912132,1610928503322497145,0,1,41598,T,A,0,-227000000,1,128,18266,185155,NGH1-NGV1
1610928503325285549,1610928503323992021,0,1,111311,T,B,0,2840000000,5,0,18339,185161,NGV1
1610928507141043337,1610928507140278361,0,1,111294,T,A,0,2613000000,1,0,22298,185231,NGH1
1610928507141806539,1610928507141345881,0,1,111293,T,A,0,2639000000,1,0,17788,185240,NGG1
1610928507143431500,1610928507143119737,0,1,111293,T,B,0,2639000000,1,0,17877,185260,NGG1
1610928507479650110,1610928507479044147,0,1,111294,T,A,0,2613000000,1,0,20719,185276,NGH1
1610928508895714917,1610928508894989647,0,1,111294,T,A,0,2613000000,1,0,19871,185284,NGH1
1610928509122117769,1610928509121471867,0,1,111294,T,A,0,2613000000,1,128,21584,185288,NGH1
1610928509122117769,1610928509121471867,0,1,111293,T,N,0,2639000000,1,0,21584,185288,NGG1
1610928509122117769,1610928509121471867,0,1,215880,T,N,0,26000000,1,0,21584,185288,NGG1-NGH1
1610928509461566856,1610928509461155861,0,1,111293,T,A,0,2639000000,1,0,18215,185323,NGG1
1610928509461684432,1610928509461157181,0,1,111296,T,B,0,2632000000,1,0,18971,185326,NGJ1
1610928509462372006,1610928509462043017,0,1,111296,T,B,0,2632000000,1,0,17710,185345,NGJ1
1610928511651319811,1610928511650900901,0,1,111293,T,A,0,2639000000,1,0,31347,185381,NGG1
1610928525427671614,1610928525427049153,0,1,111293,T,B,0,2639000000,1,0,18718,185435,NGG1
1610928529924680238,1610928529923730343,0,1,111293,T,N,0,2638000000,3,0,21674,185460,NGG1
1610928529924680238,1610928529923730343,0,1,215880,T,N,0,26000000,3,0,21674,185460,NGG1-NGH1
1610928529924680238,1610928529923730343,0,1,111294,T,A,0,2613000000,1,0,21674,185460,NGH1
1610928529924680238,1610928529923730343,0,1,111294,T,A,0,2612000000,6,0,21674,185460,NGH1
1610928529926777714,1610928529926454843,0,1,111293,T,B,0,2639000000,1,0,17931,185492,NGG1
1610928530884356137,1610928530884018041,0,1,111294,T,A,0,2612000000,1,0,18181,185529,NGH1
1610928532542112414,1610928532541695953,0,1,111293,T,A,0,2639000000,1,0,20756,185545,NGG1
1610928544703093362,1610928544702279537,0,1,111293,T,B,0,2639000000,1,0,18413,185594,NGG1
1610928559596705582,1610928559596030741,0,1,111296,T,B,0,2633000000,1,0,18575,185662,NGJ1
1610928559613933598,1610928559613539681,0,1,111293,T,A,0,2640000000,1,0,18121,185759,NGG1
1610928559615999182,1610928559615687839,0,1,111293,T,A,0,2640000000,1,0,18300,185776,NGG1
1610928565569812084,1610928565569115601,0,1,111311,T,B,0,2840000000,8,0,26640,185809,NGV1
1610928579355335307,1610928579354282781,0,1,111293,T,B,0,2640000000,1,128,38101,186008,NGG1
1610928579355335307,1610928579354282781,0,1,111294,T,N,0,2614000000,1,0,38101,186008,NGH1
1610928579355335307,1610928579354282781,0,1,215880,T,N,0,26000000,1,0,38101,186008,NGG1-NGH1
1610928579635810126,1610928579635412193,0,1,215880,T,N,0,26000000,1,0,18296,186061,NGG1-NGH1
1610928579635810126,1610928579635412193,0,1,111294,T,N,0,2614000000,1,0,18296,186061,NGH1
1610928579635810126,1610928579635412193,0,1,111293,T,B,0,2640000000,1,128,18296,186061,NGG1
1610928580670291095,1610928580669538819,0,1,111293,T,B,0,2640000000,1,128,18322,186069,NGG1
1610928580670291095,1610928580669538819,0,1,111294,T,N,0,2614000000,1,0,18322,186069,NGH1
1610928580670291095,1610928580669538819,0,1,215880,T,N,0,26000000,1,0,18322,186069,NGG1-NGH1
1610928580673850040,1610928580673535079,0,1,111293,T,B,0,2640000000,1,0,17677,186131,NGG1
1610928580740650117,1610928580740249247,0,1,111294,T,A,0,2613000000,2,0,18466,186152,NGH1
1610928581503068186,1610928581502517729,0,1,111293,T,B,0,2641000000,2,0,18146,186198,NGG1
1610928581503623637,1610928581503073461,0,1,111293,T,B,0,2641000000,2,128,19984,186203,NGG1
1610928581503623637,1610928581503073461,0,1,111294,T,N,0,2615000000,2,0,19984,186203,NGH1
1610928581503623637,1610928581503073461,0,1,215880,T,N,0,26000000,2,0,19984,186203,NGG1-NGH1
1610928593856226824,1610928593855547779,0,1,111293,T,A,0,2641000000,2,0,29543,186415,NGG1
1610928595660680102,1610928595660193123,0,1,111293,T,B,0,2642000000,1,0,21093,186484,NGG1
1610928595662217071,1610928595661896393,0,1,111294,T,B,0,2616000000,1,0,18490,186495,NGH1
1610928598680433857,1610928598679588423,0,1,111294,T,A,0,2615000000,2,0,25649,186562,NGH1
1610928599684995527,1610928599684648111,0,1,111293,T,B,0,2642000000,1,0,17731,186623,NGG1
1610928599685324859,1610928599684661307,0,1,111293,T,B,0,2642000000,1,128,17984,186627,NGG1
1610928599685324859,1610928599684661307,0,1,111294,T,N,0,2616000000,1,0,17984,186627,NGH1
1610928599685324859,1610928599684661307,0,1,215880,T,N,0,26000000,1,0,17984,186627,NGG1-NGH1
1610928599685599178,1610928599685000547,0,1,215880,T,N,0,26000000,1,0,19578,186634,NGG1-NGH1
1610928599685599178,1610928599685000547,0,1,111294,T,N,0,2616000000,1,0,19578,186634,NGH1
1610928599685599178,1610928599685000547,0,1,111293,T,B,0,2642000000,1,128,19578,186634,NGG1
1610928599688948996,1610928599687453173,0,1,215880,T,B,0,26000000,9,0,19247,186711,NGG1-NGH1
1610928599690763172,1610928599690228097,0,1,215880,T,B,0,26000000,22,0,20003,186751,NGG1-NGH1
1610928599690898824,1610928599690234117,0,1,215880,T,B,0,26000000,8,0,18543,186753,NGG1-NGH1
1610928600001938071,1610928600001355187,0,1,111294,T,N,0,2616000000,1,0,18944,186813,NGH1
1610928600001938071,1610928600001355187,0,1,111296,T,A,0,2635000000,1,128,18944,186813,NGJ1
1610928600001938071,1610928600001355187,0,1,24512,T,N,0,-19000000,1,0,18944,186813,NGH1-NGJ1
1610928600002078519,1610928600001423537,0,1,215880,T,A,0,26000000,5,0,18238,186817,NGG1-NGH1
1610928609867414628,1610928609866788283,0,1,111293,T,A,0,2642000000,3,0,20852,186885,NGG1
1610928636135773964,1610928636135144807,0,1,111293,T,A,0,2642000000,1,0,23509,187046,NGG1
1610928636502477646,1610928636501786291,0,1,111293,T,B,0,2644000000,1,0,29258,187056,NGG1
1610928636502483814,1610928636501786291,0,1,111293,T,B,0,2644000000,1,0,19187,187057,NGG1
1610928636574791275,1610928636574404255,0,1,111293,T,B,0,2644000000,1,0,17998,187060,NGG1
1610928636576559200,1610928636576273441,0,1,111293,T,B,0,2644000000,1,0,17597,187062,NGG1
1610928636578970800,1610928636578125633,0,1,111293,T,B,0,2644000000,1,0,19793,187100,NGG1
1610928636579198955,1610928636578450821,0,1,111293,T,B,0,2644000000,2,0,18410,187103,NGG1
1610928636579198955,1610928636578450821,0,1,215880,T,N,0,27000000,1,0,18410,187103,NGG1-NGH1
1610928636579198955,1610928636578450821,0,1,111294,T,N,0,2617000000,1,0,18410,187103,NGH1
1610928636582514633,1610928636581783913,0,1,111293,T,B,0,2645000000,1,0,19096,187178,NGG1
1610928636585948495,1610928636585613415,0,1,111293,T,B,0,2645000000,1,0,17755,187200,NGG1
1610928636587681519,1610928636587356531,0,1,111293,T,B,0,2645000000,1,0,17682,187211,NGG1
1610928636591929272,1610928636591105349,0,1,111293,T,A,0,2645000000,1,0,19897,187263,NGG1
1610928636593982052,1610928636592391231,0,1,111296,T,N,0,2636000000,1,0,19349,187308,NGJ1
1610928636593982052,1610928636592391231,0,1,111298,T,A,0,2674000000,1,128,19349,187308,NGK1
1610928636593982052,1610928636592391231,0,1,204979,T,N,0,-38000000,1,0,19349,187308,NGJ1-NGK1
1610928636596146500,1610928636595791147,0,1,111294,T,A,0,2618000000,1,0,17792,187364,NGH1
1610928636612196838,1610928636611858711,0,1,111296,T,A,0,2635000000,1,0,18031,187397,NGJ1
1610928637228355964,1610928637227913447,0,1,111293,T,B,0,2645000000,1,0,18625,187475,NGG1
1610928637502069403,1610928637501691393,0,1,111293,T,B,0,2645000000,1,0,18881,187486,NGG1
1610928654492253604,1610928654491733267,0,1,111293,T,B,0,2646000000,1,0,30775,187549,NGG1
1610928660980368264,1610928660978723243,0,1,111293,T,B,0,2646000000,9,0,25696,187562,NGG1
1610928660980368264,1610928660978723243,0,1,111294,T,N,0,2619000000,6,0,25696,187562,NGH1
1610928660980368264,1610928660978723243,0,1,215880,T,N,0,27000000,6,0,25696,187562,NGG1-NGH1
1610928668161644224,1610928668160388275,0,1,215880,T,N,0,27000000,3,0,27075,187775,NGG1-NGH1
1610928668161644224,1610928668160388275,0,1,111294,T,N,0,2619000000,3,0,27075,187775,NGH1
1610928668161644224,1610928668160388275,0,1,111293,T,B,0,2646000000,7,0,27075,187775,NGG1
1610928668161644224,1610928668160388275,0,1,111293,T,B,0,2647000000,1,0,27075,187775,NGG1
1610928668264860929,1610928668264520443,0,1,111294,T,B,0,2619000000,1,0,17912,187957,NGH1
1610928676953201327,1610928676952493109,0,1,111293,T,B,0,2646000000,2,0,18364,188020,NGG1
1610928677406606771,1610928677406190001,0,1,111296,T,B,0,2638000000,1,0,18395,188079,NGJ1
1610928678246237187,1610928678245908477,0,1,111296,T,B,0,2639000000,1,0,18326,188117,NGJ1
1610928678967084524,1610928678966435357,0,1,111296,T,B,0,2639000000,1,128,18554,188198,NGJ1
1610928678967084524,1610928678966435357,0,1,204979,T,N,0,-38000000,1,0,18554,188198,NGJ1-NGK1
1610928678967084524,1610928678966435357,0,1,111298,T,N,0,2677000000,1,0,18554,188198,NGK1
1610928680167069728,1610928680166677341,0,1,111296,T,B,0,2640000000,1,0,25250,188245,NGJ1
1610928680983127984,1610928680982748345,0,1,111296,T,B,0,2640000000,1,0,20828,188285,NGJ1
1610928681107660143,1610928681107101173,0,1,111294,T,A,0,2620000000,1,0,18312,188313,NGH1
1610928681107669607,1610928681107101173,0,1,111294,T,B,0,2621000000,2,0,17316,188314,NGH1
1610928681108220130,1610928681107673631,0,1,111296,T,N,0,2638000000,1,0,17905,188320,NGJ1
1610928681108220130,1610928681107673631,0,1,121360,T,N,0,-104000000,1,0,17905,188320,NGJ1-NGM1
1610928681108220130,1610928681107673631,0,1,111299,T,A,0,2742000000,1,0,17905,188320,NGM1
1610928681667832793,1610928681667461529,0,1,111293,T,A,0,2646000000,1,0,20724,188354,NGG1
1610928681774117941,1610928681773807607,0,1,111296,T,B,0,2640000000,1,0,18130,188373,NGJ1
1610928681892692959,1610928681892357797,0,1,111294,T,A,0,2620000000,1,0,19024,188400,NGH1
1610928682510087367,1610928682509755603,0,1,111296,T,B,0,2640000000,1,0,18311,188416,NGJ1
1610928682511110693,1610928682510670789,0,1,111296,T,N,0,2638000000,1,0,18390,188432,NGJ1
1610928682511110693,1610928682510670789,0,1,111299,T,A,0,2742000000,1,128,18390,188432,NGM1
1610928682511110693,1610928682510670789,0,1,121360,T,N,0,-104000000,1,0,18390,188432,NGJ1-NGM1
1610928683216708181,1610928683216329053,0,1,111293,T,B,0,2647000000,2,0,18300,188497,NGG1
1610928683455483241,1610928683455164373,0,1,111294,T,A,0,2620000000,2,0,17999,188566,NGH1
1610928683511108593,1610928683510671861,0,1,121360,T,N,0,-104000000,1,0,18551,188584,NGJ1-NGM1
1610928683511108593,1610928683510671861,0,1,111299,T,A,0,2742000000,1,128,18551,188584,NGM1
1610928683511108593,1610928683510671861,0,1,111296,T,N,0,2638000000,1,0,18551,188584,NGJ1
1610928683838590943,1610928683838231579,0,1,111296,T,B,0,2640000000,1,0,18145,188597,NGJ1
1610928684435375759,1610928684435018033,0,1,111294,T,A,0,2620000000,1,0,21049,188634,NGH1
1610928684511126603,1610928684510672353,0,1,111296,T,N,0,2638000000,1,0,18763,188655,NGJ1
1610928684511126603,1610928684510672353,0,1,111299,T,A,0,2742000000,1,0,18763,188655,NGM1
1610928684511126603,1610928684510672353,0,1,121360,T,N,0,-104000000,1,0,18763,188655,NGJ1-NGM1
1610928684637307937,1610928684637002915,0,1,111296,T,B,0,2640000000,1,0,18014,188676,NGJ1
1610928686267223659,1610928686266825721,0,1,111293,T,A,0,2647000000,1,0,18218,188734,NGG1
1610928686267575387,1610928686267120131,0,1,158328,T,B,0,-185000000,1,0,17482,188738,NGV1-NGZ1
1610928686268698453,1610928686268316925,0,1,158328,T,B,0,-185000000,1,0,17948,188749,NGV1-NGZ1
1610928689263501804,1610928689262660615,0,1,111293,T,B,0,2648000000,3,0,22876,188772,NGG1
1610928689263501804,1610928689262660615,0,1,111294,T,N,0,2621000000,1,0,22876,188772,NGH1
1610928689263501804,1610928689262660615,0,1,215880,T,N,0,27000000,1,0,22876,188772,NGG1-NGH1
1610928699830576624,1610928699829691291,0,1,215880,T,B,0,27000000,48,0,22562,188822,NGG1-NGH1
1610928708334018114,1610928708333396867,0,1,111293,T,A,0,2647000000,2,0,20938,188897,NGG1
1610928708368714950,1610928708367242031,0,1,111293,T,B,0,2649000000,1,0,18390,188899,NGG1
1610928708368729782,1610928708367242031,0,1,111293,T,B,0,2649000000,1,0,20981,188900,NGG1
1610928708479018949,1610928708478696689,0,1,111293,T,B,0,2649000000,1,0,17819,188923,NGG1
1610928710243120077,1610928710242674001,0,1,111293,T,B,0,2649000000,1,0,20644,188951,NGG1
1610928710284184529,1610928710283783189,0,1,111296,T,B,0,2639000000,1,0,17705,188962,NGJ1
1610928713806303211,1610928713805563375,0,1,111296,T,N,0,2638000000,1,0,18916,189021,NGJ1
1610928713806303211,1610928713805563375,0,1,121360,T,N,0,-104000000,1,0,18916,189021,NGJ1-NGM1
1610928713806303211,1610928713805563375,0,1,111299,T,A,0,2742000000,1,128,18916,189021,NGM1
1610928713808176412,1610928713807867937,0,1,111293,T,B,0,2648000000,1,0,18442,189055,NGG1
1610928714806076059,1610928714805564641,0,1,111299,T,A,0,2742000000,1,128,24987,189078,NGM1
1610928714806076059,1610928714805564641,0,1,121360,T,N,0,-104000000,1,0,24987,189078,NGJ1-NGM1
1610928714806076059,1610928714805564641,0,1,111296,T,N,0,2638000000,1,0,24987,189078,NGJ1
1610928715161852433,1610928715161505691,0,1,111294,T,B,0,2620000000,2,0,17966,189098,NGH1
1610928726161452492,1610928726160797707,0,1,111293,T,A,0,2648000000,1,0,18793,189222,NGG1
1610928726445810723,1610928726444970719,0,1,204979,T,B,0,-38000000,3,0,21498,189229,NGJ1-NGK1
1610928726446499782,1610928726445842839,0,1,204979,T,B,0,-38000000,2,0,18041,189274,NGJ1-NGK1
1610928728823804515,1610928728823328167,0,1,111293,T,A,0,2648000000,2,0,35805,189325,NGG1
1610928728824223811,1610928728823809489,0,1,111293,T,A,0,2648000000,3,0,18926,189327,NGG1
1610928728824934793,1610928728824574723,0,1,111294,T,A,0,2620000000,1,0,20146,189337,NGH1
1610928731102159865,1610928731101641231,0,1,111293,T,A,0,2647000000,2,0,17814,189428,NGG1
1610928731103168427,1610928731102818705,0,1,111293,T,B,0,2648000000,2,0,18037,189450,NGG1
1610928740858588115,1610928740857868359,0,1,111293,T,B,0,2649000000,1,0,21291,189501,NGG1
1610928741831010321,1610928741830243349,0,1,215880,T,A,0,27000000,7,0,18175,189532,NGG1-NGH1
1610928741831442932,1610928741831021965,0,1,215880,T,A,0,27000000,1,0,17869,189534,NGG1-NGH1
1610928741831585348,1610928741831022955,0,1,215880,T,A,0,27000000,2,0,17648,189536,NGG1-NGH1
1610928742404389049,1610928742403615929,0,1,204979,T,B,0,-38000000,14,0,21035,189549,NGJ1-NGK1
1610928748869447033,1610928748868376895,0,1,215880,T,N,0,27000000,1,0,26031,189701,NGG1-NGH1
1610928748869447033,1610928748868376895,0,1,111293,T,A,0,2647000000,2,0,26031,189701,NGG1
1610928748869447033,1610928748868376895,0,1,111294,T,N,0,2620000000,1,0,26031,189701,NGH1
1610928756006852490,1610928756006261677,0,1,111293,T,B,0,2647000000,1,0,18723,189805,NGG1
1610928756009944152,1610928756006623513,0,1,111296,T,A,0,2638000000,1,0,17639,189816,NGJ1
1610928756010478343,1610928756009956651,0,1,111294,T,N,0,2620000000,1,0,18907,189829,NGH1
1610928756010478343,1610928756009956651,0,1,111299,T,B,0,2744000000,1,0,18907,189829,NGM1
1610928756010478343,1610928756009956651,0,1,121353,T,N,0,-124000000,1,0,18907,189829,NGH1-NGM1
1610928756012301964,1610928756010784925,0,1,24512,T,A,0,-19000000,1,0,17477,189853,NGH1-NGJ1
1610928756012335507,1610928756010817737,0,1,121360,T,A,0,-104000000,1,0,17284,189855,NGJ1-NGM1
1610928756752147653,1610928756751779497,0,1,111293,T,B,0,2648000000,1,0,25402,189880,NGG1
1610928756753641422,1610928756753307849,0,1,111294,T,A,0,2619000000,1,0,17624,189885,NGH1
1610928756754054341,1610928756753736131,0,1,111293,T,B,0,2648000000,1,0,18969,189895,NGG1
1610928757752022150,1610928757751605987,0,1,111293,T,B,0,2648000000,1,0,28011,189943,NGG1
1610928758752103593,1610928758751543507,0,1,111293,T,B,0,2648000000,1,0,30476,189948,NGG1
1610928758752614468,1610928758752116435,0,1,111293,T,B,0,2648000000,1,128,20593,189952,NGG1
1610928758752614468,1610928758752116435,0,1,111294,T,N,0,2620000000,1,0,20593,189952,NGH1
1610928758752614468,1610928758752116435,0,1,215880,T,N,0,28000000,1,0,20593,189952,NGG1-NGH1
1610928758756453293,1610928758756139695,0,1,111294,T,A,0,2619000000,1,0,18310,189972,NGH1
1610928759751943395,1610928759751531593,0,1,111293,T,B,0,2648000000,1,0,23446,189995,NGG1
1610928759752530689,1610928759752118021,0,1,111293,T,B,0,2648000000,1,128,18345,190002,NGG1
1610928759752530689,1610928759752118021,0,1,111294,T,N,0,2620000000,1,0,18345,190002,NGH1
1610928759752530689,1610928759752118021,0,1,215880,T,N,0,28000000,1,0,18345,190002,NGG1-NGH1
1610928760752022773,1610928760751580335,0,1,111293,T,B,0,2648000000,1,0,25760,190028,NGG1
1610928760752809888,1610928760752486721,0,1,111293,T,B,0,2648000000,1,0,19054,190040,NGG1
1610928780472426863,1610928780471501015,0,1,111293,T,A,0,2647000000,1,0,23831,190140,NGG1
1610928780753626727,1610928780753021813,0,1,111293,T,B,0,2648000000,1,128,18748,190170,NGG1
1610928780753626727,1610928780753021813,0,1,215880,T,N,0,28000000,1,0,18748,190170,NGG1-NGH1
1610928780753626727,1610928780753021813,0,1,111294,T,N,0,2620000000,1,0,18748,190170,NGH1
1610928780754098346,1610928780753641673,0,1,111294,T,N,0,2620000000,2,0,18474,190175,NGH1
1610928780754098346,1610928780753641673,0,1,215880,T,N,0,28000000,2,0,18474,190175,NGG1-NGH1
1610928780754098346,1610928780753641673,0,1,111293,T,B,0,2648000000,2,128,18474,190175,NGG1
1610928781751814046,1610928781751466103,0,1,111293,T,B,0,2649000000,1,0,23003,190199,NGG1
1610928798025754760,1610928798024941437,0,1,111294,T,A,0,2620000000,2,0,23907,190268,NGH1
1610928798417486211,1610928798417136609,0,1,111294,T,A,0,2620000000,1,0,17603,190285,NGH1
1610928801460446090,1610928801458711215,0,1,111294,T,N,0,2621000000,2,0,26700,190289,NGH1
1610928801460446090,1610928801458711215,0,1,111293,T,B,0,2649000000,6,0,26700,190289,NGG1
1610928801460446090,1610928801458711215,0,1,215880,T,N,0,28000000,2,0,26700,190289,NGG1-NGH1
1610928801461956267,1610928801460475281,0,1,111296,T,B,0,2640000000,1,0,18253,190298,NGJ1
1610928801464680850,1610928801462847457,0,1,111293,T,A,0,2649000000,1,0,18228,190352,NGG1
1610928801465730700,1610928801464477659,0,1,111293,T,B,0,2650000000,2,0,19629,190371,NGG1
1610928801467419733,1610928801466521487,0,1,111293,T,B,0,2650000000,5,0,18330,190398,NGG1
1610928801467568196,1610928801466969863,0,1,111293,T,B,0,2650000000,1,0,20119,190401,NGG1
1610928801469160693,1610928801468868263,0,1,111293,T,B,0,2650000000,1,0,17648,190424,NGG1
1610928801469364953,1610928801469073183,0,1,111293,T,B,0,2650000000,1,0,17511,190426,NGG1
1610928801469705516,1610928801469377563,0,1,111293,T,B,0,2650000000,1,0,18663,190429,NGG1
1610928801471404521,1610928801471121087,0,1,111293,T,B,0,2650000000,1,0,17506,190441,NGG1
1610928801472358791,1610928801472068585,0,1,111293,T,B,0,2650000000,1,0,17954,190443,NGG1
1610928801475188350,1610928801473887347,0,1,111293,T,B,0,2650000000,2,0,17905,190445,NGG1
1610928801751742579,1610928801751437799,0,1,111293,T,B,0,2650000000,1,0,18336,190460,NGG1
1610928801752676749,1610928801752386279,0,1,111293,T,B,0,2650000000,1,0,17246,190465,NGG1
1610928801754549157,1610928801754215211,0,1,111293,T,B,0,2650000000,2,0,18036,190470,NGG1
1610928801756122230,1610928801755796701,0,1,111293,T,B,0,2650000000,1,0,17785,190482,NGG1
1610928801757087868,1610928801756768621,0,1,111293,T,B,0,2650000000,1,0,18511,190488,NGG1
1610928801757763335,1610928801757482633,0,1,111293,T,B,0,2650000000,1,0,17371,190491,NGG1
1610928802349507674,1610928802349203125,0,1,111293,T,B,0,2650000000,1,0,18215,190500,NGG1
1610928803286695108,1610928803286319687,0,1,111293,T,B,0,2650000000,1,0,17649,190525,NGG1
1610928803288576644,1610928803288254067,0,1,111293,T,B,0,2650000000,2,0,18415,190535,NGG1
1610928803349521107,1610928803349204413,0,1,111293,T,B,0,2650000000,1,0,18378,190544,NGG1
1610928810056531857,1610928810055775091,0,1,111296,T,B,0,2641000000,1,0,24668,190568,NGJ1
1610928810729319763,1610928810728875845,0,1,111293,T,B,0,2650000000,2,0,23980,190601,NGG1
1610928810751890412,1610928810751566299,0,1,111293,T,B,0,2650000000,1,0,17761,190612,NGG1
1610928812191156965,1610928812189764761,0,1,111299,T,B,0,2745000000,1,0,18769,190632,NGM1
1610928814696150576,1610928814695802561,0,1,111293,T,B,0,2650000000,1,0,25154,190669,NGG1
1610928816213011475,1610928816212471857,0,1,111293,T,B,0,2650000000,2,0,25597,190680,NGG1
1610928819473316471,1610928819472847737,0,1,111293,T,B,0,2650000000,1,0,30996,190691,NGG1
1610928823530498706,1610928823529845871,0,1,111293,T,A,0,2649000000,1,0,17783,190725,NGG1
1610928823532100667,1610928823530569143,0,1,111293,T,A,0,2648000000,1,0,17573,190752,NGG1
1610928823532592242,1610928823531373635,0,1,111293,T,B,0,2649000000,1,0,17233,190765,NGG1
1610928823533077909,1610928823532115363,0,1,111294,T,A,0,2621000000,1,0,18951,190777,NGH1
1610928823535152413,1610928823534852787,0,1,111293,T,B,0,2649000000,1,0,18612,190809,NGG1
1610928823536091171,1610928823535799369,0,1,111293,T,B,0,2649000000,1,0,17791,190813,NGG1
1610928823540875410,1610928823540537373,0,1,111293,T,B,0,2650000000,2,0,20587,190834,NGG1
1610928823753131585,1610928823752822325,0,1,111293,T,A,0,2649000000,1,0,17811,190882,NGG1
1610928823755161753,1610928823754865497,0,1,111293,T,A,0,2649000000,1,0,17264,190900,NGG1
1610928826863095146,1610928826862624765,0,1,111294,T,B,0,2622000000,1,0,27867,190916,NGH1
1610928826863601021,1610928826863239705,0,1,111294,T,A,0,2622000000,1,0,18865,190927,NGH1
1610928845326268496,1610928845325731345,0,1,111293,T,A,0,2648000000,1,0,18368,191054,NGG1
1610928848968045193,1610928848967427575,0,1,111293,T,B,0,2649000000,1,0,32961,191121,NGG1
1610928848972190973,1610928848971705571,0,1,111293,T,A,0,2649000000,1,0,18730,191147,NGG1
1610928848974154254,1610928848973738975,0,1,111293,T,A,0,2649000000,1,0,18376,191156,NGG1
1610928851455885153,1610928851454465405,0,1,111293,T,A,0,2649000000,1,0,18670,191178,NGG1
1610928853054408202,1610928853053806581,0,1,111294,T,B,0,2622000000,1,0,18643,191198,NGH1
1610928879926378679,1610928879925496593,0,1,111293,T,A,0,2649000000,2,0,24465,191278,NGG1
1610928879926740970,1610928879926392279,0,1,111293,T,A,0,2649000000,1,0,18406,191280,NGG1
1610928880753509976,1610928880753176465,0,1,111293,T,A,0,2649000000,1,0,17942,191335,NGG1
1610928880926737715,1610928880926394217,0,1,111293,T,A,0,2649000000,1,0,18447,191348,NGG1
1610928881926743218,1610928881926395365,0,1,111293,T,A,0,2649000000,1,0,24952,191363,NGG1
1610928886261156695,1610928886260485009,0,1,111293,T,A,0,2648000000,1,0,41714,191377,NGG1
1610928886264702512,1610928886264195741,0,1,111294,T,B,0,2622000000,1,0,18313,191403,NGH1
1610928887095939565,1610928887095175541,0,1,111294,T,N,0,2621000000,1,0,19870,191438,NGH1
1610928887095939565,1610928887095175541,0,1,111293,T,A,0,2648000000,1,128,19870,191438,NGG1
1610928887095939565,1610928887095175541,0,1,215880,T,N,0,27000000,1,0,19870,191438,NGG1-NGH1
1610928907196188456,1610928907195194073,0,1,111293,T,B,0,2649000000,1,0,30728,191480,NGG1
1610928907196646715,1610928907196193569,0,1,111294,T,B,0,2621000000,1,0,18339,191482,NGH1
1610928912379268892,1610928912378479489,0,1,111294,T,B,0,2622000000,1,0,23960,191573,NGH1
1610928916449222446,1610928916448266693,0,1,111294,T,B,0,2622000000,1,128,36389,191591,NGH1
1610928916449222446,1610928916448266693,0,1,111293,T,N,0,2649000000,1,0,36389,191591,NGG1
1610928916449222446,1610928916448266693,0,1,215880,T,N,0,27000000,1,0,36389,191591,NGG1-NGH1
1610928916752568065,1610928916752078549,0,1,111293,T,A,0,2649000000,1,0,17882,191626,NGG1
1610928917662374405,1610928917661983653,0,1,111293,T,A,0,2649000000,1,0,19006,191670,NGG1
1610928917664681841,1610928917664388917,0,1,111293,T,A,0,2649000000,1,0,17680,191683,NGG1
1610928918881004629,1610928918880413919,0,1,111293,T,A,0,2648000000,1,128,18892,191705,NGG1
1610928918881004629,1610928918880413919,0,1,215880,T,N,0,27000000,1,0,18892,191705,NGG1-NGH1
1610928918881004629,1610928918880413919,0,1,111294,T,N,0,2621000000,1,0,18892,191705,NGH1
1610928918894134676,1610928918893814877,0,1,111293,T,A,0,2647000000,1,0,17701,191747,NGG1
1610928924269312650,1610928924268749967,0,1,111293,T,B,0,2649000000,1,0,28092,191780,NGG1
1610928931828356141,1610928931827732049,0,1,111293,T,B,0,2649000000,1,0,20830,191802,NGG1
1610928945729492620,1610928945728658833,0,1,111298,T,B,0,2678000000,1,0,25119,191819,NGK1
1610928946563414831,1610928946562464513,0,1,121372,T,B,0,-66000000,5,0,23895,191831,NGK1-NGM1
1610928946565185132,1610928946563450157,0,1,121372,T,B,0,-66000000,2,0,18609,191877,NGK1-NGM1
1610928952114017959,1610928952113524861,0,1,111294,T,A,0,2621000000,1,0,17951,192034,NGH1
1610928952117604864,1610928952117295667,0,1,111293,T,A,0,2649000000,1,0,17958,192062,NGG1
1610928952121824916,1610928952121437631,0,1,111293,T,A,0,2649000000,1,0,18561,192085,NGG1
1610928960008260190,1610928960007466443,0,1,111293,T,A,0,2649000000,1,0,23574,192139,NGG1
1610928962226858170,1610928962226266183,0,1,111293,T,B,0,2650000000,1,0,28326,192174,NGG1
1610928974357628639,1610928974356872201,0,1,111293,T,A,0,2649000000,1,0,18248,192205,NGG1
1610928975357254125,1610928975356873691,0,1,111293,T,A,0,2649000000,1,0,23928,192246,NGG1
1610928987309263270,1610928987308649107,0,1,111294,T,A,0,2622000000,1,0,18115,192288,NGH1
1610929050052378169,1610929050051715971,0,1,111293,T,A,0,2649000000,2,0,18380,192407,NGG1
1610929050052716629,1610929050052392251,0,1,111293,T,A,0,2649000000,1,0,17611,192410,NGG1
1610929050052906120,1610929050052401505,0,1,111294,T,A,0,2621000000,1,0,20487,192412,NGH1
1610929050752359234,1610929050751680597,0,1,111293,T,B,0,2650000000,3,0,23738,192480,NGG1
1610929051052798232,1610929051052402377,0,1,111294,T,A,0,2621000000,1,0,23995,192490,NGH1
1610929068897600776,1610929068896869085,0,1,111293,T,A,0,2648000000,2,0,28775,192527,NGG1
1610929083758392119,1610929083757709279,0,1,111294,T,A,0,2620000000,1,0,17923,192621,NGH1
1610929083759008830,1610929083758470647,0,1,111294,T,N,0,2621000000,1,0,18126,192634,NGH1
1610929083759008830,1610929083758470647,0,1,111299,T,B,0,2745000000,1,0,18126,192634,NGM1
1610929083759008830,1610929083758470647,0,1,121353,T,N,0,-124000000,1,0,18126,192634,NGH1-NGM1
1610929083760215476,1610929083759291753,0,1,24512,T,A,0,-19000000,1,0,18173,192646,NGH1-NGJ1
1610929083760653875,1610929083760270045,0,1,121360,T,B,0,-104000000,1,0,18205,192655,NGJ1-NGM1
1610929095831347913,1610929095830680415,0,1,111294,T,A,0,2621000000,1,0,18664,192717,NGH1
1610929102726324449,1610929102725333073,0,1,111294,T,B,0,2622000000,1,0,26661,192734,NGH1
1610929102729046604,1610929102728368335,0,1,111294,T,N,0,2622000000,1,0,17936,192788,NGH1
1610929102729046604,1610929102728368335,0,1,121353,T,N,0,-124000000,1,0,17936,192788,NGH1-NGM1
1610929102729046604,1610929102728368335,0,1,111299,T,B,0,2746000000,1,0,17936,192788,NGM1
1610929102730150618,1610929102729219377,0,1,24512,T,A,0,-19000000,1,0,17560,192813,NGH1-NGJ1
1610929102730184502,1610929102729223177,0,1,121360,T,A,0,-104000000,1,0,17476,192815,NGJ1-NGM1
1610929102732904540,1610929102732583181,0,1,111294,T,A,0,2621000000,1,0,18244,192878,NGH1
1610929106913375161,1610929106912749395,0,1,111294,T,B,0,2622000000,1,0,24244,192940,NGH1
1610929110077364667,1610929110076900729,0,1,111293,T,B,0,2650000000,1,0,18046,192984,NGG1
1610929110079200384,1610929110078289903,0,1,121360,T,N,0,-104000000,2,0,18117,193023,NGJ1-NGM1
1610929110079200384,1610929110078289903,0,1,111299,T,B,0,2746000000,2,0,18117,193023,NGM1
1610929110079200384,1610929110078289903,0,1,111296,T,N,0,2642000000,2,0,18117,193023,NGJ1
1610929110336059202,1610929110335181065,0,1,111296,T,N,0,2642000000,1,0,24485,193068,NGJ1
1610929110336059202,1610929110335181065,0,1,111299,T,B,0,2746000000,2,0,24485,193068,NGM1
1610929110336059202,1610929110335181065,0,1,121360,T,N,0,-104000000,1,0,24485,193068,NGJ1-NGM1
1610929110336855533,1610929110336311213,0,1,111299,T,N,0,2746000000,1,0,18220,193086,NGM1
1610929110336855533,1610929110336311213,0,1,121372,T,N,0,-67000000,1,0,18220,193086,NGK1-NGM1
1610929110336855533,1610929110336311213,0,1,111298,T,A,0,2679000000,1,128,18220,193086,NGK1
1610929114512943257,1610929114512458167,0,1,111294,T,B,0,2623000000,3,0,18038,193156,NGH1
1610929121282276577,1610929121280754119,0,1,111298,T,N,0,2680000000,6,0,28502,193222,NGK1
1610929121282276577,1610929121280754119,0,1,121372,T,N,0,-67000000,6,0,28502,193222,NGK1-NGM1
1610929121282276577,1610929121280754119,0,1,111299,T,B,0,2747000000,9,0,28502,193222,NGM1
1610929121282276577,1610929121280754119,0,1,121360,T,N,0,-104000000,1,0,28502,193222,NGJ1-NGM1
1610929121282276577,1610929121280754119,0,1,111296,T,N,0,2643000000,1,0,28502,193222,NGJ1
1610929121282276577,1610929121280754119,0,1,111303,T,N,0,2838000000,1,0,28502,193222,NGQ1
1610929121282276577,1610929121280754119,0,1,10746,T,N,0,-91000000,1,0,28502,193222,NGM1-NGQ1
1610929121283629658,1610929121282156155,0,1,111299,T,B,0,2747000000,1,128,18167,193238,NGM1
1610929121283629658,1610929121282156155,0,1,121372,T,N,0,-67000000,1,0,18167,193238,NGK1-NGM1
1610929121283629658,1610929121282156155,0,1,111298,T,N,0,2680000000,1,0,18167,193238,NGK1
1610929126711306606,1610929126710793451,0,1,111294,T,A,0,2623000000,1,0,18581,193414,NGH1
1610929159168176422,1610929159167295479,0,1,111293,T,A,0,2650000000,1,0,25774,193491,NGG1
1610929172435539319,1610929172433904647,0,1,111293,T,N,0,2651000000,2,0,26841,193508,NGG1
1610929172435539319,1610929172433904647,0,1,111294,T,B,0,2624000000,4,0,26841,193508,NGH1
1610929172435539319,1610929172433904647,0,1,215880,T,N,0,27000000,2,0,26841,193508,NGG1-NGH1
1610929172436344502,1610929172435597107,0,1,111293,T,B,0,2651000000,3,0,18279,193521,NGG1
1610929174137597753,1610929174136989131,0,1,158328,T,B,0,-185000000,1,0,18174,193619,NGV1-NGZ1
1610929178215878113,1610929178215151079,0,1,111296,T,A,0,2643000000,1,0,20693,193646,NGJ1
1610929182998911735,1610929182998328575,0,1,111293,T,A,0,2651000000,1,0,19791,193693,NGG1
1610929182999329502,1610929182998984739,0,1,111293,T,A,0,2651000000,1,0,17177,193698,NGG1
1610929182999712033,1610929182999334559,0,1,111294,T,A,0,2624000000,1,0,21907,193703,NGH1
1610929205868595254,1610929205867807761,0,1,111293,T,B,0,2652000000,1,0,35202,193762,NGG1
1610929209127755016,1610929209127154753,0,1,111293,T,A,0,2652000000,1,0,18399,193784,NGG1
1610929223340849010,1610929223339220763,0,1,111294,T,A,0,2624000000,1,0,27456,193842,NGH1
1610929228250076667,1610929228249418945,0,1,111294,T,B,0,2625000000,1,0,23937,193863,NGH1
1610929228258256260,1610929228250187329,0,1,111294,T,B,0,2625000000,1,0,18492,193868,NGH1
1610929228778871550,1610929228778461777,0,1,111293,T,A,0,2652000000,1,0,17831,193886,NGG1
1610929228920389664,1610929228920095057,0,1,111293,T,A,0,2651000000,1,0,18329,193904,NGG1
1610929228920771588,1610929228920455187,0,1,111293,T,A,0,2651000000,1,0,17341,193907,NGG1
1610929236391581896,1610929236390145205,0,1,111293,T,N,0,2652000000,4,0,26344,193943,NGG1
1610929236391581896,1610929236390145205,0,1,111294,T,B,0,2625000000,7,0,26344,193943,NGH1
1610929236391581896,1610929236390145205,0,1,215880,T,N,0,27000000,4,0,26344,193943,NGG1-NGH1
1610929236853841576,1610929236853431761,0,1,111294,T,B,0,2625000000,1,0,23630,193974,NGH1
1610929237659727742,1610929237659242093,0,1,111294,T,A,0,2624000000,1,0,26243,193976,NGH1
1610929256161615755,1610929256160959199,0,1,111294,T,A,0,2623000000,1,0,25254,194039,NGH1
1610929284232668498,1610929284231977493,0,1,111294,T,A,0,2624000000,1,0,18851,194135,NGH1
1610929307460987989,1610929307460206055,0,1,111293,T,A,0,2651000000,1,0,17659,194236,NGG1
1610929320237507244,1610929320236895487,0,1,111294,T,A,0,2623000000,1,0,20433,194276,NGH1
1610929322125843923,1610929322125313051,0,1,111293,T,A,0,2651000000,1,0,18183,194297,NGG1
1610929357813932833,1610929357812995315,0,1,111294,T,B,0,2624000000,1,0,29970,194378,NGH1
1610929361621023696,1610929361619892247,0,1,111294,T,B,0,2624000000,1,128,29303,194386,NGH1
1610929361621023696,1610929361619892247,0,1,111293,T,N,0,2651000000,1,0,29303,194386,NGG1
1610929361621023696,1610929361619892247,0,1,215880,T,N,0,27000000,1,0,29303,194386,NGG1-NGH1
1610929366669327970,1610929366668834769,0,1,111294,T,B,0,2624000000,2,0,18796,194424,NGH1
1610929375569515003,1610929375569049709,0,1,111294,T,B,0,2624000000,1,0,26515,194465,NGH1
1610929378933163422,1610929378932507791,0,1,111293,T,A,0,2650000000,1,0,26014,194473,NGG1
1610929381350605690,1610929381349622503,0,1,111294,T,B,0,2624000000,1,0,30488,194495,NGH1
1610929381350605690,1610929381349622503,0,1,111294,T,B,0,2625000000,1,0,30488,194495,NGH1
1610929381351496532,1610929381350927651,0,1,111294,T,A,0,2624000000,1,0,23585,194509,NGH1
1610929381355319089,1610929381354955107,0,1,111294,T,A,0,2623000000,1,0,18378,194518,NGH1
1610929381355917960,1610929381355595059,0,1,111294,T,A,0,2623000000,1,0,17844,194525,NGH1
1610929386445575295,1610929386444776595,0,1,111294,T,A,0,2623000000,1,0,19053,194559,NGH1
1610929386445575295,1610929386444776595,0,1,111293,T,N,0,2651000000,1,0,19053,194559,NGG1
1610929386445575295,1610929386444776595,0,1,215880,T,N,0,28000000,1,0,19053,194559,NGG1-NGH1
1610929386445958743,1610929386445618577,0,1,111293,T,A,0,2651000000,1,0,17687,194568,NGG1
1610929395086487811,1610929395085847505,0,1,111294,T,A,0,2623000000,1,0,19345,194598,NGH1
1610929395087854200,1610929395086503945,0,1,111294,T,A,0,2623000000,1,0,17761,194604,NGH1
1610929409868484115,1610929409867162093,0,1,111293,T,B,0,2652000000,2,0,21122,194631,NGG1
1610929411516056701,1610929411514550253,0,1,111305,T,A,0,2824000000,5,0,21406,194642,NGU1
1610929414588126074,1610929414587224715,0,1,111294,T,A,0,2623000000,1,0,18466,194699,NGH1
1610929418466749110,1610929418466271147,0,1,111293,T,B,0,2652000000,1,0,30938,194731,NGG1
1610929418469723777,1610929418469353803,0,1,111294,T,A,0,2623000000,1,0,17849,194737,NGH1
1610929431957717031,1610929431957117713,0,1,111294,T,A,0,2623000000,1,0,22092,194842,NGH1
1610929434393482532,1610929434392546915,0,1,111293,T,B,0,2651000000,1,0,18116,194862,NGG1
1610929442325078516,1610929442324436613,0,1,111305,T,A,0,2823000000,20,0,25863,194895,NGU1
1610929444072685981,1610929444072143293,0,1,111294,T,A,0,2623000000,1,0,28370,194922,NGH1
1610929459131983635,1610929459131307319,0,1,111294,T,A,0,2623000000,1,0,21457,194940,NGH1
1610929472376028639,1610929472375420101,0,1,111293,T,B,0,2652000000,1,0,17769,194964,NGG1
1610929472376406302,1610929472376042269,0,1,111293,T,B,0,2652000000,2,0,17930,194967,NGG1
1610929472378628926,1610929472378197775,0,1,111294,T,B,0,2624000000,1,0,17799,194986,NGH1
1610929472378995041,1610929472378644719,0,1,111293,T,B,0,2652000000,1,0,20505,194993,NGG1
1610929472380153091,1610929472379484325,0,1,111293,T,B,0,2653000000,3,0,19403,195013,NGG1
1610929472380715190,1610929472380406097,0,1,111294,T,B,0,2625000000,1,0,17877,195020,NGH1
1610929476405831947,1610929476405120849,0,1,111294,T,B,0,2625000000,1,0,21252,195081,NGH1
1610929476406686661,1610929476406058289,0,1,111296,T,B,0,2644000000,1,128,17802,195092,NGJ1
1610929476406686661,1610929476406058289,0,1,111298,T,N,0,2680000000,1,0,17802,195092,NGK1
1610929476406686661,1610929476406058289,0,1,204979,T,N,0,-36000000,1,0,17802,195092,NGJ1-NGK1
1610929476407575460,1610929476407177493,0,1,111298,T,B,0,2680000000,1,0,17524,195111,NGK1
1610929476408008483,1610929476407381229,0,1,24512,T,B,0,-18000000,3,0,18206,195117,NGH1-NGJ1
1610929476408599254,1610929476408095375,0,1,111298,T,B,0,2680000000,2,0,19911,195142,NGK1
1610929477648908675,1610929477648562097,0,1,111293,T,B,0,2653000000,1,0,18144,195243,NGG1
1610929479027135253,1610929479026711501,0,1,111293,T,B,0,2653000000,2,0,18489,195250,NGG1
1610929479027490192,1610929479027140245,0,1,111293,T,B,0,2653000000,1,0,17844,195252,NGG1
1610929479028830637,1610929479028506629,0,1,111294,T,B,0,2626000000,2,0,17895,195270,NGH1
1610929479715042080,1610929479714501835,0,1,111293,T,A,0,2653000000,1,0,26220,195304,NGG1
1610929479715042080,1610929479714501835,0,1,111293,T,A,0,2652000000,8,0,26220,195304,NGG1
1610929481149054421,1610929481147395357,0,1,111293,T,A,0,2652000000,6,0,22209,195357,NGG1
1610929481149054421,1610929481147395357,0,1,111294,T,N,0,2625000000,4,0,22209,195357,NGH1
1610929481149054421,1610929481147395357,0,1,215880,T,N,0,27000000,4,0,22209,195357,NGG1-NGH1
1610929481150069284,1610929481149074599,0,1,215880,T,A,0,27000000,8,0,24663,195366,NGG1-NGH1
1610929481150675034,1610929481149075835,0,1,215880,T,A,0,27000000,1,0,22091,195367,NGG1-NGH1
1610929481150912918,1610929481149164475,0,1,215880,T,A,0,27000000,13,0,20834,195375,NGG1-NGH1
1610929481151066222,1610929481149249577,0,1,215880,T,A,0,27000000,6,0,24466,195376,NGG1-NGH1
1610929481151864544,1610929481150868275,0,1,111293,T,B,0,2652000000,3,0,17727,195391,NGG1
1610929481151910908,1610929481151086323,0,1,111293,T,A,0,2651000000,2,0,19010,195394,NGG1
1610929481152578899,1610929481151876569,0,1,111293,T,B,0,2652000000,1,0,17482,195410,NGG1
1610929481162027613,1610929481161681653,0,1,215880,T,A,0,27000000,5,0,18450,195442,NGG1-NGH1
1610929481162363644,1610929481162064493,0,1,111293,T,A,0,2652000000,1,0,17623,195447,NGG1
1610929482819544291,1610929482818852693,0,1,111293,T,A,0,2652000000,5,0,22170,195531,NGG1
1610929482819544291,1610929482818852693,0,1,215880,T,N,0,27000000,2,0,22170,195531,NGG1-NGH1
1610929482819544291,1610929482818852693,0,1,111294,T,N,0,2625000000,2,0,22170,195531,NGH1
1610929482820365206,1610929482819617137,0,1,111293,T,A,0,2651000000,1,0,19648,195547,NGG1
1610929483044900951,1610929483044576041,0,1,111293,T,A,0,2651000000,1,0,17757,195605,NGG1
1610929485086275043,1610929485085688687,0,1,111293,T,A,0,2651000000,2,0,21194,195617,NGG1
1610929485086275043,1610929485085688687,0,1,111294,T,N,0,2624000000,2,0,21194,195617,NGH1
1610929485086275043,1610929485085688687,0,1,215880,T,N,0,27000000,2,0,21194,195617,NGG1-NGH1
1610929486895594996,1610929486895164437,0,1,111293,T,A,0,2650000000,2,0,20921,195684,NGG1
1610929486896052303,1610929486895629815,0,1,111293,T,A,0,2650000000,4,0,18302,195687,NGG1
1610929487752707627,1610929487752243869,0,1,111293,T,A,0,2650000000,1,0,18525,195740,NGG1
1610929487880913288,1610929487880565197,0,1,111293,T,A,0,2650000000,2,0,18037,195766,NGG1
1610929487881272711,1610929487880945153,0,1,111293,T,A,0,2650000000,1,0,17827,195770,NGG1
1610929489945504520,1610929489944976419,0,1,111293,T,B,0,2651000000,1,0,19056,195788,NGG1
1610929490821416071,1610929490821024723,0,1,111293,T,B,0,2652000000,1,0,20738,195822,NGG1
1610929493888864848,1610929493888372213,0,1,111294,T,B,0,2625000000,1,0,27993,195857,NGH1
1610929494334397442,1610929494333999015,0,1,111293,T,B,0,2652000000,3,0,20961,195877,NGG1
1610929495678708500,1610929495678367421,0,1,111293,T,A,0,2652000000,1,0,20877,195923,NGG1
1610929497003500909,1610929497002928219,0,1,111294,T,B,0,2625000000,1,0,17836,195975,NGH1
1610929498916036522,1610929498915644445,0,1,111293,T,A,0,2652000000,1,0,21801,196017,NGG1
1610929514588247124,1610929514587119475,0,1,111293,T,A,0,2651000000,1,0,17775,196182,NGG1
1610929528217404412,1610929528216767893,0,1,111294,T,A,0,2623000000,2,0,20229,196772,NGH1
1610929535363007529,1610929535362317733,0,1,282760,T,B,0,-203000000,1,0,18397,196931,NGH1-NGU1
1610929538943683112,1610929538943067401,0,1,111293,T,A,0,2650000000,1,0,21587,196964,NGG1
1610929546158191573,1610929546156907157,0,1,111293,T,A,0,2650000000,7,0,18335,197076,NGG1
1610929546161458939,1610929546161117137,0,1,111293,T,A,0,2650000000,1,0,18197,197120,NGG1
1610929546162634925,1610929546161909423,0,1,111293,T,B,0,2650000000,1,0,17858,197129,NGG1
1610929546163780183,1610929546163439229,0,1,111293,T,A,0,2650000000,1,0,17665,197144,NGG1
1610929547998865775,1610929547997684785,0,1,111293,T,A,0,2650000000,4,0,25548,197190,NGG1
1610929547998865775,1610929547997684785,0,1,111294,T,N,0,2623000000,2,0,25548,197190,NGH1
1610929547998865775,1610929547997684785,0,1,215880,T,N,0,27000000,2,0,25548,197190,NGG1-NGH1
1610929548002857596,1610929548002525277,0,1,111293,T,A,0,2650000000,1,0,17562,197233,NGG1
1610929548004610841,1610929548004285813,0,1,111293,T,B,0,2650000000,1,0,17819,197268,NGG1
1610929548005015744,1610929548004689001,0,1,111293,T,B,0,2650000000,1,0,18382,197273,NGG1
1610929549537995788,1610929549527243391,0,1,111293,T,A,0,2650000000,1,0,18487,198680,NGG1
1610929549540476171,1610929549540185295,0,1,111293,T,B,0,2650000000,3,0,17524,198708,NGG1
1610929550765166895,1610929550764688969,0,1,282760,T,B,0,-203000000,1,0,17958,199160,NGH1-NGU1
1610929553426694217,1610929553426187247,0,1,282760,T,B,0,-203000000,1,0,19694,199222,NGH1-NGU1
1610929553426881729,1610929553426197871,0,1,24512,T,A,0,-19000000,1,0,18288,199224,NGH1-NGJ1
1610929555105505381,1610929555105066113,0,1,111293,T,B,0,2650000000,2,0,17897,199316,NGG1
1610929556959993967,1610929556959343479,0,1,282760,T,B,0,-203000000,2,0,20194,199396,NGH1-NGU1
1610929556960159619,1610929556959352881,0,1,24512,T,A,0,-19000000,2,0,20544,199398,NGH1-NGJ1
1610929556960557910,1610929556960168869,0,1,24512,T,A,0,-19000000,1,0,18091,199404,NGH1-NGJ1
1610929560214045496,1610929560213396631,0,1,111293,T,B,0,2651000000,4,0,27587,199418,NGG1
1610929560215701097,1610929560215153471,0,1,24512,T,N,0,-19000000,1,0,18016,199441,NGH1-NGJ1
1610929560215701097,1610929560215153471,0,1,111294,T,N,0,2624000000,1,0,18016,199441,NGH1
1610929560215701097,1610929560215153471,0,1,111296,T,B,0,2643000000,1,0,18016,199441,NGJ1
1610929560216185140,1610929560215724825,0,1,111293,T,B,0,2651000000,2,0,18337,199453,NGG1
1610929569715009758,1610929569714347943,0,1,282760,T,B,0,-203000000,1,0,18474,200262,NGH1-NGU1
1610929580301337367,1610929580300966657,0,1,111293,T,B,0,2651000000,1,0,18494,200327,NGG1
1610929580301662771,1610929580301342413,0,1,111293,T,B,0,2651000000,1,0,17370,200329,NGG1
1610929580302004194,1610929580301667803,0,1,111293,T,B,0,2651000000,2,0,17670,200334,NGG1
1610929587473555099,1610929587473009751,0,1,111294,T,B,0,2624000000,1,0,24799,200465,NGH1
1610929587555926918,1610929587555620633,0,1,111293,T,B,0,2651000000,4,0,20597,200488,NGG1
1610929587557149595,1610929587556879945,0,1,111293,T,B,0,2651000000,1,0,18145,200508,NGG1
1610929589184523066,1610929589184023493,0,1,111294,T,B,0,2624000000,1,0,17388,200572,NGH1
1610929597257574163,1610929597257000275,0,1,111293,T,B,0,2651000000,1,0,18658,200635,NGG1
1610929611435135047,1610929611434220321,0,1,111294,T,N,0,2624000000,1,0,18921,200691,NGH1
1610929611435135047,1610929611434220321,0,1,111296,T,B,0,2643000000,1,128,18921,200691,NGJ1
1610929611435135047,1610929611434220321,0,1,24512,T,N,0,-19000000,1,0,18921,200691,NGH1-NGJ1
1610929613394285568,1610929613393832251,0,1,111293,T,A,0,2650000000,3,0,26258,200730,NGG1
1610929613396239728,1610929613395955733,0,1,111293,T,B,0,2650000000,1,0,17887,200766,NGG1
1610929613420674475,1610929613420208737,0,1,111293,T,B,0,2650000000,2,0,17465,200774,NGG1
1610929614737731184,1610929614737364293,0,1,111293,T,A,0,2650000000,1,0,17610,200813,NGG1
1610929614763933700,1610929614763503767,0,1,111293,T,B,0,2650000000,2,0,18156,200829,NGG1
1610929614778483517,1610929614777912907,0,1,111293,T,N,0,2650000000,1,0,18622,200844,NGG1
1610929614778483517,1610929614777912907,0,1,111294,T,N,0,2623000000,1,0,18622,200844,NGH1
1610929614778483517,1610929614777912907,0,1,215880,T,B,0,27000000,1,128,18622,200844,NGG1-NGH1
1610929614994382263,1610929614993997745,0,1,111293,T,A,0,2649000000,2,0,18225,200870,NGG1
1610929615751887856,1610929615751585939,0,1,111293,T,B,0,2650000000,1,0,20916,200919,NGG1
1610929615754528379,1610929615754238867,0,1,111293,T,A,0,2650000000,1,0,17706,200940,NGG1
1610929615759418058,1610929615759111017,0,1,111293,T,A,0,2650000000,1,0,17432,200951,NGG1
1610929615761303586,1610929615761025771,0,1,111293,T,A,0,2650000000,1,0,19112,200960,NGG1
1610929619970183777,1610929619969683781,0,1,111293,T,A,0,2649000000,1,0,21151,201015,NGG1
1610929621531392701,1610929621530835793,0,1,111293,T,A,0,2649000000,1,0,26435,201046,NGG1
1610929621531746856,1610929621531407199,0,1,111293,T,A,0,2649000000,1,0,17609,201049,NGG1
1610929621751912789,1610929621751570463,0,1,111293,T,B,0,2650000000,3,0,20145,201061,NGG1
1610929621754552413,1610929621754236191,0,1,111293,T,A,0,2650000000,1,0,17480,201090,NGG1
1610929624857935129,1610929624857509539,0,1,111293,T,A,0,2649000000,1,0,17649,201150,NGG1
1610929627460368139,1610929627460007265,0,1,111294,T,B,0,2624000000,1,0,17385,201207,NGH1
1610929635401845170,1610929635401131175,0,1,111293,T,B,0,2649000000,3,0,17971,201272,NGG1
1610929637116231326,1610929637115615093,0,1,111293,T,N,0,2649000000,1,0,18447,201321,NGG1
1610929637116231326,1610929637115615093,0,1,111294,T,N,0,2622000000,1,0,18447,201321,NGH1
1610929637116231326,1610929637115615093,0,1,215880,T,B,0,27000000,1,128,18447,201321,NGG1-NGH1
1610929637752061910,1610929637751692101,0,1,111293,T,B,0,2649000000,4,0,19519,201367,NGG1
1610929644696422655,1610929644695698061,0,1,111293,T,A,0,2648000000,4,0,19695,201429,NGG1
1610929649648466045,1610929649647930949,0,1,111293,T,B,0,2649000000,1,0,19936,201445,NGG1
1610929652788818349,1610929652788388803,0,1,111293,T,A,0,2648000000,14,0,17739,201460,NGG1
1610929653752039492,1610929653751681417,0,1,111293,T,B,0,2649000000,4,0,18427,201479,NGG1
1610929653752425892,1610929653752054289,0,1,111293,T,B,0,2649000000,1,0,18087,201484,NGG1
1610929653753960821,1610929653753616795,0,1,111293,T,B,0,2649000000,4,0,17603,201519,NGG1
1610929653754307820,1610929653753974617,0,1,111293,T,B,0,2649000000,3,0,17686,201522,NGG1
1610929653754423168,1610929653753998839,0,1,111293,T,B,0,2649000000,7,0,19140,201524,NGG1
1610929653754733667,1610929653754432573,0,1,111294,T,B,0,2623000000,2,0,18539,201529,NGH1
1610929653774193587,1610929653773426481,0,1,111293,T,A,0,2649000000,3,0,18030,201555,NGG1
1610929654216952400,1610929654216449521,0,1,111293,T,N,0,2649000000,1,0,17976,201588,NGG1
1610929654216952400,1610929654216449521,0,1,111294,T,N,0,2622000000,1,0,17976,201588,NGH1
1610929654216952400,1610929654216449521,0,1,215880,T,B,0,27000000,1,128,17976,201588,NGG1-NGH1
1610929654751857571,1610929654751520529,0,1,111293,T,B,0,2649000000,2,0,18437,201639,NGG1
1610929654754189926,1610929654753935323,0,1,111293,T,B,0,2650000000,1,0,18973,201646,NGG1
1610929654755925543,1610929654755671501,0,1,111293,T,B,0,2650000000,3,0,18115,201651,NGG1
1610929654758678958,1610929654757435627,0,1,111293,T,B,0,2650000000,3,0,17827,201676,NGG1
1610929654760387939,1610929654760089621,0,1,111293,T,B,0,2650000000,4,0,18239,201678,NGG1
1610929655844466453,1610929655844088017,0,1,111293,T,A,0,2649000000,1,0,25045,201693,NGG1
1610929655845240743,1610929655844480247,0,1,111293,T,A,0,2649000000,1,0,17730,201696,NGG1
1610929656752062832,1610929656751590603,0,1,111293,T,B,0,2650000000,4,0,21323,201704,NGG1
1610929665042617299,1610929665042033821,0,1,111293,T,B,0,2650000000,1,0,17256,201863,NGG1
1610929665357428284,1610929665357028365,0,1,111294,T,A,0,2623000000,1,0,18193,201906,NGH1
1610929678149742587,1610929678149043069,0,1,111293,T,A,0,2649000000,2,0,19712,202038,NGG1
1610929678151935391,1610929678149055413,0,1,111293,T,A,0,2649000000,7,0,18488,202045,NGG1
1610929678152044451,1610929678149069651,0,1,111293,T,A,0,2649000000,1,0,17235,202047,NGG1
1610929678152346922,1610929678151940517,0,1,111294,T,A,0,2622000000,1,0,18410,202053,NGH1
1610929678153351620,1610929678151968881,0,1,111293,T,A,0,2649000000,1,0,18703,202061,NGG1
1610929678752091641,1610929678751720459,0,1,111293,T,B,0,2650000000,4,0,23967,202094,NGG1
1610929678760542105,1610929678753663235,0,1,111293,T,B,0,2650000000,4,0,23189,202103,NGG1
1610929679530429729,1610929679530070685,0,1,111293,T,A,0,2649000000,9,0,24225,202121,NGG1
1610929679537130852,1610929679530434885,0,1,111293,T,A,0,2649000000,8,0,17643,202123,NGG1
1610929679539093281,1610929679538778439,0,1,111293,T,B,0,2650000000,4,0,18699,202129,NGG1
1610929679540923478,1610929679540633447,0,1,111293,T,B,0,2650000000,4,0,18470,202133,NGG1
1610929679751790917,1610929679751438677,0,1,111293,T,B,0,2650000000,4,0,18210,202155,NGG1
1610929682213870481,1610929682213206247,0,1,111296,T,B,0,2643000000,1,0,17652,202208,NGJ1
1610929682215519333,1610929682214285337,0,1,111298,T,B,0,2680000000,5,0,17906,202246,NGK1
1610929710304114042,1610929710303267881,0,1,111293,T,B,0,2652000000,1,0,24507,202357,NGG1
1610929715293797378,1610929715293188385,0,1,111293,T,B,0,2651000000,5,0,26721,202433,NGG1
1610929715296006082,1610929715295625583,0,1,111293,T,B,0,2652000000,6,0,18099,202483,NGG1
1610929715296786085,1610929715296022669,0,1,111298,T,N,0,2680000000,1,0,18799,202492,NGK1
1610929715296786085,1610929715296022669,0,1,111296,T,B,0,2643000000,1,128,18799,202492,NGJ1
1610929715296786085,1610929715296022669,0,1,204979,T,N,0,-37000000,1,0,18799,202492,NGJ1-NGK1
1610929716711214763,1610929716710565009,0,1,111296,T,B,0,2644000000,1,128,19256,202559,NGJ1
1610929716711214763,1610929716710565009,0,1,111294,T,N,0,2625000000,1,0,19256,202559,NGH1
1610929716711214763,1610929716710565009,0,1,24512,T,N,0,-19000000,1,0,19256,202559,NGH1-NGJ1
1610929727802336203,1610929727801671789,0,1,111293,T,A,0,2651000000,1,0,28321,202616,NGG1
1610929730806157509,1610929730805322013,0,1,111293,T,B,0,2652000000,3,0,24247,202625,NGG1
1610929735517231093,1610929735516767233,0,1,111293,T,B,0,2652000000,6,0,22699,202639,NGG1
1610929736677486557,1610929736677133643,0,1,111293,T,B,0,2652000000,1,0,24787,202667,NGG1
1610929737436869198,1610929737436546511,0,1,111293,T,B,0,2652000000,1,0,24611,202672,NGG1
1610929738240775087,1610929738239610433,0,1,111293,T,A,0,2651000000,2,0,20379,202686,NGG1
1610929738392813699,1610929738392527453,0,1,111293,T,B,0,2652000000,1,0,17929,202700,NGG1
1610929748523436116,1610929748522838801,0,1,111293,T,B,0,2652000000,1,0,20375,202736,NGG1
1610929748936102387,1610929748935600765,0,1,111293,T,A,0,2651000000,6,0,17471,202744,NGG1
1610929748937724052,1610929748937109881,0,1,111293,T,N,0,2651000000,1,0,17992,202759,NGG1
1610929748937724052,1610929748937109881,0,1,111294,T,N,0,2624000000,1,0,17992,202759,NGH1
1610929748937724052,1610929748937109881,0,1,215880,T,A,0,27000000,1,128,17992,202759,NGG1-NGH1
1610929748937791083,1610929748937231019,0,1,111293,T,A,0,2651000000,30,0,20108,202763,NGG1
1610929748938100855,1610929748937796063,0,1,111293,T,A,0,2651000000,2,0,17337,202766,NGG1
1610929748938282079,1610929748937804073,0,1,111293,T,A,0,2651000000,7,0,17586,202769,NGG1
1610929749324762702,1610929749324404233,0,1,111293,T,B,0,2652000000,1,0,17600,202862,NGG1
1610929749329214190,1610929749328896805,0,1,111294,T,A,0,2623000000,1,0,17718,202872,NGH1
1610929749330247628,1610929749329905167,0,1,111294,T,B,0,2623000000,1,0,17707,202891,NGH1
1610929749922172158,1610929749921844407,0,1,111294,T,B,0,2623000000,1,0,18384,202935,NGH1
1610929750125063387,1610929750123719461,0,1,111294,T,A,0,2622000000,1,0,18511,203017,NGH1
1610929750731097464,1610929750730688169,0,1,111293,T,B,0,2651000000,3,0,23592,203043,NGG1
1610929750731771054,1610929750731102527,0,1,111293,T,B,0,2651000000,2,0,19363,203045,NGG1
1610929750732317357,1610929750732018777,0,1,111293,T,B,0,2652000000,1,0,19350,203061,NGG1
1610929751298183065,1610929751297543913,0,1,111293,T,N,0,2651000000,1,0,18484,203080,NGG1
1610929751298183065,1610929751297543913,0,1,111294,T,N,0,2624000000,1,0,18484,203080,NGH1
1610929751298183065,1610929751297543913,0,1,215880,T,A,0,27000000,1,128,18484,203080,NGG1-NGH1
1610929751298652048,1610929751298196673,0,1,111293,T,A,0,2651000000,2,0,16542,203093,NGG1
1610929753954638236,1610929753954085477,0,1,111293,T,N,0,2651000000,1,0,19167,203138,NGG1
1610929753954638236,1610929753954085477,0,1,215880,T,A,0,27000000,1,128,19167,203138,NGG1-NGH1
1610929753954638236,1610929753954085477,0,1,111294,T,N,0,2624000000,1,0,19167,203138,NGH1
1610929757635396657,1610929757634823427,0,1,111293,T,A,0,2651000000,1,0,24630,203186,NGG1
1610929761871463836,1610929761871105931,0,1,111293,T,A,0,2651000000,1,0,25921,203191,NGG1
1610929761875930696,1610929761871468887,0,1,111294,T,A,0,2624000000,3,0,17660,203195,NGH1
1610929763318442518,1610929763318057395,0,1,111293,T,A,0,2650000000,1,0,20915,203230,NGG1
1610929768177680376,1610929768177105345,0,1,111294,T,A,0,2623000000,1,0,18116,203251,NGH1
1610929768279052534,1610929768278701201,0,1,111294,T,A,0,2623000000,1,0,18416,203281,NGH1
1610929775068160185,1610929775066692113,0,1,111305,T,B,0,2827000000,1,0,18592,203308,NGU1
1610929781333283958,1610929781331766315,0,1,41645,T,B,0,-206000000,1,0,26872,203368,NGJ1-NGV1
1610929781333283958,1610929781331766315,0,1,41645,T,B,0,-205000000,6,0,26872,203368,NGJ1-NGV1
1610929781359911131,1610929781359478407,0,1,41645,T,B,0,-205000000,2,0,18826,203381,NGJ1-NGV1
1610929781360409786,1610929781360040895,0,1,41645,T,A,0,-205000000,1,0,17921,203390,NGJ1-NGV1
1610929781360642674,1610929781360222169,0,1,41645,T,A,0,-205000000,2,0,18534,203392,NGJ1-NGV1
1610929781362174267,1610929781361805887,0,1,41645,T,A,0,-205000000,9,0,20388,203411,NGJ1-NGV1
1610929781379379578,1610929781379031241,0,1,41645,T,A,0,-205000000,12,0,18207,203434,NGJ1-NGV1
1610929781690203580,1610929781689735041,0,1,111293,T,A,0,2650000000,2,0,17486,203474,NGG1
1610929787518226701,1610929787517726227,0,1,111293,T,A,0,2649000000,1,0,26809,203620,NGG1
1610929788029105965,1610929788028575651,0,1,111293,T,B,0,2650000000,2,0,20764,203666,NGG1
1610929788751953799,1610929788751635193,0,1,111293,T,B,0,2650000000,1,0,17565,203703,NGG1
1610929800337264106,1610929800336528495,0,1,111293,T,A,0,2650000000,1,0,24250,203820,NGG1
1610929800339285390,1610929800338929109,0,1,111293,T,B,0,2650000000,1,0,18355,203853,NGG1
1610929800341811870,1610929800341523289,0,1,111293,T,B,0,2650000000,1,0,17541,203857,NGG1
1610929806765145515,1610929806764443733,0,1,111294,T,B,0,2624000000,1,0,28248,203928,NGH1
1610929810314476097,1610929810313943393,0,1,111293,T,B,0,2651000000,5,0,28172,203959,NGG1
1610929810317939250,1610929810316366859,0,1,111293,T,B,0,2652000000,13,0,18396,204031,NGG1
1610929810319301824,1610929810318640291,0,1,111294,T,A,0,2624000000,1,0,18139,204053,NGH1
1610929810319653823,1610929810319114417,0,1,282762,T,B,0,-146000000,1,0,17881,204061,NGK1-NGU1
1610929816765659429,1610929816765015497,0,1,111299,T,B,0,2747000000,1,0,27089,204186,NGM1
1610929827228441400,1610929827227269023,0,1,111293,T,A,0,2651000000,13,0,18044,204242,NGG1
1610929827228771767,1610929827228446439,0,1,111293,T,A,0,2651000000,2,0,19263,204245,NGG1
1610929827229959469,1610929827229628005,0,1,111293,T,A,0,2651000000,7,0,17326,204263,NGG1
1610929829220500240,1610929829219967187,0,1,111293,T,A,0,2651000000,3,0,21194,204274,NGG1
1610929829220608044,1610929829219974675,0,1,111293,T,A,0,2651000000,1,0,19636,204276,NGG1
1610929829220781460,1610929829219982483,0,1,111293,T,A,0,2651000000,1,0,18061,204278,NGG1
1610929830383675749,1610929830383049853,0,1,111293,T,A,0,2651000000,1,0,24081,204289,NGG1
1610929850181787405,1610929850180585995,0,1,111293,T,N,0,2651000000,1,0,23686,204376,NGG1
1610929850181787405,1610929850180585995,0,1,111294,T,A,0,2623000000,1,128,23686,204376,NGH1
1610929850181787405,1610929850180585995,0,1,215880,T,N,0,28000000,1,0,23686,204376,NGG1-NGH1
1610929860716452023,1610929860715639793,0,1,215880,T,A,0,27000000,1,128,18284,204500,NGG1-NGH1
1610929860716452023,1610929860715639793,0,1,111294,T,N,0,2624000000,1,0,18284,204500,NGH1
1610929860716452023,1610929860715639793,0,1,111293,T,N,0,2651000000,1,0,18284,204500,NGG1
1610929860720520655,1610929860720184169,0,1,111293,T,B,0,2651000000,1,0,17869,204540,NGG1
1610929869762330448,1610929869761799761,0,1,111293,T,B,0,2651000000,1,0,18072,204581,NGG1
1610929870762190707,1610929870761801235,0,1,111293,T,B,0,2651000000,1,0,24217,204594,NGG1
1610929875337009666,1610929875336381883,0,1,111293,T,B,0,2651000000,1,0,18022,204618,NGG1
1610929892813909675,1610929892812261463,0,1,111293,T,A,0,2650000000,1,0,37051,204662,NGG1
1610929922853443391,1610929922852412329,0,1,111293,T,N,0,2651000000,1,0,18552,204751,NGG1
1610929922853443391,1610929922852412329,0,1,111294,T,N,0,2624000000,1,0,18552,204751,NGH1
1610929922853443391,1610929922852412329,0,1,215880,T,A,0,27000000,1,128,18552,204751,NGG1-NGH1
1610929980590210311,1610929980589407965,0,1,111294,T,B,0,2625000000,1,0,25068,204906,NGH1
1610929980590555070,1610929980589422345,0,1,111294,T,B,0,2625000000,1,0,17704,204908,NGH1
1610929984367659975,1610929984366854533,0,1,41898,T,B,0,-30000000,1,0,20742,204949,NGN1-NGV1
1610929984367755823,1610929984366863847,0,1,41645,T,B,0,-205000000,2,0,25768,204950,NGJ1-NGV1
1610929984367904355,1610929984366868839,0,1,10712,T,B,0,-194000000,4,0,19401,204951,NGJ1-NGQ1
1610929984371014857,1610929984370586269,0,1,10725,T,B,0,-157000000,1,0,18143,205001,NGK1-NGQ1
1610929984405867091,1610929984405509733,0,1,171691,T,A,0,570000000,2,0,17681,205035,NGG2-NGK2
1610929985568946610,1610929985568568625,0,1,111298,T,B,0,2680000000,1,0,18427,205188,NGK1
1610929985863224647,1610929985862890943,0,1,111293,T,A,0,2651000000,1,0,17687,205281,NGG1
1610929993297372536,1610929993296527549,0,1,111293,T,A,0,2651000000,1,0,30184,205293,NGG1
1610930006998594481,1610930006997874171,0,1,111294,T,B,0,2625000000,1,0,20927,205391,NGH1
1610930007000206626,1610930006999461107,0,1,111294,T,B,0,2625000000,2,0,18444,205399,NGH1
1610930008264178437,1610930008263638199,0,1,111294,T,B,0,2625000000,1,0,20755,205414,NGH1
1610930025608618747,1610930025606957645,0,1,111299,T,B,0,2747000000,1,0,30694,205444,NGM1
1610930027986884777,1610930027986367815,0,1,111294,T,B,0,2625000000,2,0,21495,205454,NGH1
1610930044616130316,1610930044615098335,0,1,41645,T,B,0,-204000000,1,0,18941,205499,NGJ1-NGV1
1610930102441969525,1610930102440528273,0,1,204979,T,A,0,-37000000,17,0,30835,205556,NGJ1-NGK1
1610930115714006196,1610930115712886981,0,1,121372,T,B,0,-66000000,10,0,24391,205794,NGK1-NGM1
1610930115715378550,1610930115714962743,0,1,121372,T,B,0,-66000000,6,0,18373,205849,NGK1-NGM1
1610930115716152320,1610930115715738147,0,1,41645,T,B,0,-204000000,1,0,18101,205878,NGJ1-NGV1
1610930115716360400,1610930115715770841,0,1,41645,T,B,0,-204000000,1,0,18022,205886,NGJ1-NGV1
1610930115716642731,1610930115716136955,0,1,62831,T,B,0,-71000000,5,0,19735,205899,NGM1-NGN1
1610930139460549082,1610930139459819681,0,1,111294,T,B,0,2625000000,1,0,18986,206136,NGH1
1610930140867901312,1610930140867280081,0,1,111293,T,B,0,2652000000,3,0,26216,206145,NGG1
1610930140868921346,1610930140868293561,0,1,204979,T,A,0,-37000000,1,128,18715,206165,NGJ1-NGK1
1610930140868921346,1610930140868293561,0,1,111298,T,N,0,2680000000,1,0,18715,206165,NGK1
1610930140868921346,1610930140868293561,0,1,111296,T,N,0,2643000000,1,0,18715,206165,NGJ1
1610930140870146324,1610930140868941397,0,1,111296,T,A,0,2643000000,1,128,22071,206187,NGJ1
1610930140870146324,1610930140868941397,0,1,111294,T,N,0,2625000000,1,0,22071,206187,NGH1
1610930140870146324,1610930140868941397,0,1,24512,T,N,0,-18000000,1,0,22071,206187,NGH1-NGJ1
1610930140870314940,1610930140869008183,0,1,111298,T,B,0,2680000000,1,0,21049,206192,NGK1
1610930140871507726,1610930140870496221,0,1,111298,T,B,0,2680000000,2,0,17860,206231,NGK1
1610930140872109029,1610930140871556983,0,1,111298,T,B,0,2680000000,1,0,18807,206247,NGK1
1610930140872237576,1610930140871558875,0,1,111298,T,N,0,2680000000,1,0,17200,206249,NGK1
1610930140872237576,1610930140871558875,0,1,121372,T,N,0,-66000000,1,0,17200,206249,NGK1-NGM1
1610930140872237576,1610930140871558875,0,1,111299,T,B,0,2746000000,1,128,17200,206249,NGM1
1610930140873330638,1610930140872145847,0,1,111298,T,B,0,2680000000,1,0,17440,206277,NGK1
1610930141869365642,1610930141868296035,0,1,111298,T,N,0,2680000000,1,0,19035,206385,NGK1
1610930141869365642,1610930141868296035,0,1,111296,T,N,0,2643000000,1,0,19035,206385,NGJ1
1610930141869365642,1610930141868296035,0,1,204979,T,A,0,-37000000,1,0,19035,206385,NGJ1-NGK1
1610930148068144342,1610930148067712367,0,1,111294,T,B,0,2626000000,1,0,18231,206518,NGH1
1610930168216121841,1610930168215458661,0,1,111293,T,A,0,2652000000,3,0,25385,206696,NGG1
1610930180738938526,1610930180737988063,0,1,111293,T,B,0,2653000000,4,0,25690,206715,NGG1
1610930180739834152,1610930180739044539,0,1,111293,T,N,0,2653000000,1,0,17830,206729,NGG1
1610930180739834152,1610930180739044539,0,1,111294,T,N,0,2626000000,1,0,17830,206729,NGH1
1610930180739834152,1610930180739044539,0,1,215880,T,A,0,27000000,1,128,17830,206729,NGG1-NGH1
1610930180839652594,1610930180839198775,0,1,62635,T,B,0,-174000000,1,0,17271,206822,NGJ1-NGN1
1610930185732042815,1610930185731233291,0,1,111293,T,B,0,2654000000,1,0,19914,206875,NGG1
1610930185732063303,1610930185731233291,0,1,111293,T,B,0,2654000000,1,0,18724,206876,NGG1
1610930190637511873,1610930190636800081,0,1,111293,T,B,0,2654000000,3,0,19248,206898,NGG1
1610930190638365803,1610930190638019801,0,1,111298,T,B,0,2680000000,5,0,17602,206912,NGK1
1610930190638951870,1610930190638380513,0,1,111298,T,N,0,2680000000,1,0,18911,206917,NGK1
1610930190638951870,1610930190638380513,0,1,111294,T,N,0,2626000000,1,0,18911,206917,NGH1
1610930190638951870,1610930190638380513,0,1,204963,T,A,0,-54000000,1,128,18911,206917,NGH1-NGK1
1610930190639309373,1610930190638416633,0,1,111298,T,B,0,2680000000,1,0,18248,206924,NGK1
1610930190639458017,1610930190638422341,0,1,111298,T,N,0,2680000000,1,0,17916,206927,NGK1
1610930190639458017,1610930190638422341,0,1,111299,T,B,0,2746000000,1,128,17916,206927,NGM1
1610930190639458017,1610930190638422341,0,1,121372,T,N,0,-66000000,1,0,17916,206927,NGK1-NGM1
1610930190648228625,1610930190640656329,0,1,24512,T,B,0,-18000000,1,0,20582,206975,NGH1-NGJ1
1610930191052463725,1610930191052067459,0,1,111298,T,A,0,2679000000,1,0,18420,207130,NGK1
1610930202978768933,1610930202977699541,0,1,111294,T,B,0,2626000000,1,0,18366,207195,NGH1
1610930205314638755,1610930205313969143,0,1,111294,T,N,0,2627000000,1,0,19083,207221,NGH1
1610930205314638755,1610930205313969143,0,1,111293,T,N,0,2654000000,1,0,19083,207221,NGG1
1610930205314638755,1610930205313969143,0,1,215880,T,A,0,27000000,1,128,19083,207221,NGG1-NGH1
1610930206155465171,1610930206154925459,0,1,111294,T,A,0,2626000000,2,0,23805,207249,NGH1
1610930206800534872,1610930206800045147,0,1,111293,T,A,0,2654000000,1,0,17659,207261,NGG1
1610930208852340212,1610930208851501003,0,1,111294,T,B,0,2627000000,1,0,24944,207281,NGH1
1610930211193926548,1610930211193508059,0,1,111293,T,A,0,2654000000,1,0,17769,207294,NGG1
1610930211233789738,1610930211233475745,0,1,111293,T,A,0,2654000000,2,0,17915,207329,NGG1
1610930220005672357,1610930220004300937,0,1,204979,T,A,0,-37000000,1,0,25391,207365,NGJ1-NGK1
1610930226465584743,1610930226464808613,0,1,111293,T,A,0,2654000000,1,0,24267,207439,NGG1
1610930226470453242,1610930226465597943,0,1,111293,T,A,0,2654000000,5,0,18198,207448,NGG1
1610930228867281971,1610930228866273083,0,1,111305,T,A,0,2825000000,9,0,28497,207488,NGU1
1610930228867281971,1610930228866273083,0,1,111311,T,N,0,2847000000,3,0,28497,207488,NGV1
1610930228867281971,1610930228866273083,0,1,41958,T,N,0,-22000000,3,0,28497,207488,NGU1-NGV1
1610930230490089179,1610930230489429243,0,1,111293,T,A,0,2653000000,9,0,20482,207589,NGG1
1610930230490089179,1610930230489429243,0,1,111294,T,N,0,2626000000,1,0,20482,207589,NGH1
1610930230490089179,1610930230489429243,0,1,215880,T,N,0,27000000,1,0,20482,207589,NGG1-NGH1
1610930230492515730,1610930230491494685,0,1,111299,T,A,0,2744000000,1,0,19266,207640,NGM1
1610930230492515730,1610930230491494685,0,1,111296,T,N,0,2642000000,1,0,19266,207640,NGJ1
1610930230492515730,1610930230491494685,0,1,121360,T,N,0,-102000000,1,0,19266,207640,NGJ1-NGM1
1610930230493826504,1610930230493512503,0,1,111296,T,A,0,2642000000,1,0,18662,207694,NGJ1
1610930233311368431,1610930233310630515,0,1,111296,T,N,0,2642000000,1,0,18794,207872,NGJ1
1610930233311368431,1610930233310630515,0,1,121360,T,N,0,-102000000,1,0,18794,207872,NGJ1-NGM1
1610930233311368431,1610930233310630515,0,1,111299,T,A,0,2744000000,1,128,18794,207872,NGM1
1610930233349277248,1610930233348926849,0,1,111293,T,A,0,2653000000,1,0,18169,207890,NGG1
1610930233349466348,1610930233348937087,0,1,111294,T,A,0,2625000000,1,0,18481,207894,NGH1
1610930234658924562,1610930234658425451,0,1,111294,T,A,0,2625000000,1,128,19866,207971,NGH1
1610930234658924562,1610930234658425451,0,1,111293,T,N,0,2653000000,1,0,19866,207971,NGG1
1610930234658924562,1610930234658425451,0,1,215880,T,N,0,28000000,1,0,19866,207971,NGG1-NGH1
1610930235167439965,1610930235167119629,0,1,111293,T,A,0,2653000000,1,0,17533,207991,NGG1
1610930238070023661,1610930238069627031,0,1,111293,T,B,0,2654000000,2,0,17898,207999,NGG1
1610930239884289316,1610930239883405081,0,1,111293,T,B,0,2654000000,9,0,19462,208034,NGG1
1610930239884289316,1610930239883405081,0,1,215880,T,N,0,28000000,2,0,19462,208034,NGG1-NGH1
1610930239884289316,1610930239883405081,0,1,111294,T,N,0,2626000000,2,0,19462,208034,NGH1
1610930240129650249,1610930240129329511,0,1,111293,T,B,0,2654000000,5,0,18135,208129,NGG1
1610930248291835375,1610930248291124239,0,1,24512,T,B,0,-17000000,1,0,18078,208183,NGH1-NGJ1
1610930255769533763,1610930255768714211,0,1,111294,T,N,0,2625000000,1,0,25461,208312,NGH1
1610930255769533763,1610930255768714211,0,1,111305,T,N,0,2825000000,1,0,25461,208312,NGU1
1610930255769533763,1610930255768714211,0,1,282760,T,A,0,-200000000,1,128,25461,208312,NGH1-NGU1
1610930255876096177,1610930255875724397,0,1,111294,T,A,0,2626000000,1,0,17677,208326,NGH1
1610930256169167762,1610930256168710015,0,1,111293,T,A,0,2654000000,1,0,17630,208338,NGG1
1610930257551483874,1610930257551106989,0,1,111293,T,A,0,2654000000,1,0,17890,208356,NGG1
1610930257706471022,1610930257706105397,0,1,111293,T,A,0,2653000000,1,0,22305,208365,NGG1
1610930257942372714,1610930257941980035,0,1,111293,T,A,0,2654000000,1,0,17736,208378,NGG1
1610930258551507834,1610930258551107683,0,1,111293,T,A,0,2654000000,1,0,18041,208403,NGG1
1610930259551556824,1610930259551108525,0,1,111293,T,A,0,2654000000,1,0,24607,208435,NGG1
1610930260551512175,1610930260551109179,0,1,111293,T,A,0,2654000000,1,0,20807,208468,NGG1
1610930261809865152,1610930261809093661,0,1,111293,T,A,0,2654000000,3,0,18072,208499,NGG1
1610930263112608299,1610930263112138175,0,1,111293,T,A,0,2654000000,1,0,17953,208530,NGG1
1610930264113024945,1610930264112138771,0,1,111293,T,A,0,2654000000,2,0,25504,208555,NGG1
1610930264500114623,1610930264499804139,0,1,111293,T,A,0,2654000000,1,0,17625,208575,NGG1
1610930265112493863,1610930265112139531,0,1,111293,T,A,0,2654000000,1,0,18359,208602,NGG1
1610930268192223219,1610930268190987267,0,1,111293,T,A,0,2653000000,7,0,19561,208627,NGG1
1610930268192223219,1610930268190987267,0,1,111294,T,N,0,2626000000,1,0,19561,208627,NGH1
1610930268192223219,1610930268190987267,0,1,215880,T,N,0,27000000,1,0,19561,208627,NGG1-NGH1
1610930270498509423,1610930270498056017,0,1,111294,T,B,0,2626000000,1,0,21099,208702,NGH1
1610930270499186606,1610930270498874671,0,1,111294,T,A,0,2626000000,1,0,17586,208711,NGH1
1610930270643001480,1610930270642703467,0,1,111293,T,A,0,2653000000,1,0,17617,208747,NGG1
1610930271643040466,1610930271642704241,0,1,111293,T,A,0,2653000000,2,0,20735,208778,NGG1
1610930272643056493,1610930272642704881,0,1,111293,T,A,0,2653000000,1,0,21046,208810,NGG1
1610930273643046860,1610930273642705455,0,1,111293,T,A,0,2653000000,2,0,21243,208839,NGG1
1610930274828547278,1610930274828213119,0,1,111293,T,A,0,2653000000,3,0,18421,208870,NGG1
1610930275431751781,1610930275431375049,0,1,111294,T,A,0,2625000000,1,0,21363,208904,NGH1
1610930277481282501,1610930277480848833,0,1,111294,T,B,0,2626000000,1,0,18139,208941,NGH1
1610930291969722808,1610930291968583227,0,1,111293,T,A,0,2653000000,1,0,26595,208989,NGG1
1610930298622422083,1610930298621969699,0,1,111294,T,B,0,2626000000,1,0,17590,209026,NGH1
1610930298629328946,1610930298622427129,0,1,111294,T,B,0,2626000000,2,0,17891,209028,NGH1
1610930301281177442,1610930301280539631,0,1,111294,T,B,0,2626000000,2,0,18047,209050,NGH1
1610930303589272084,1610930303588771701,0,1,111293,T,B,0,2654000000,16,0,24047,209101,NGG1
1610930303589343308,1610930303588805519,0,1,111293,T,B,0,2654000000,10,0,17130,209103,NGG1
1610930303589466380,1610930303588812873,0,1,111293,T,B,0,2654000000,14,0,22467,209105,NGG1
1610930303589583752,1610930303589289277,0,1,111293,T,B,0,2654000000,1,0,17615,209107,NGG1
1610930303590039747,1610930303589306473,0,1,111293,T,B,0,2654000000,2,0,17215,209115,NGG1
1610930309381114359,1610930309380517431,0,1,111294,T,A,0,2625000000,1,0,20155,209150,NGH1
1610930310506511412,1610930310505981877,0,1,111294,T,B,0,2626000000,1,0,17610,209164,NGH1
1610930313763613571,1610930313763088747,0,1,111293,T,A,0,2653000000,10,0,18800,209218,NGG1
1610930313764010134,1610930313763654187,0,1,111293,T,A,0,2653000000,8,0,20864,209222,NGG1
1610930313766691973,1610930313765972003,0,1,111299,T,A,0,2743000000,1,0,19314,209263,NGM1
1610930313766691973,1610930313765972003,0,1,121360,T,N,0,-102000000,1,0,19314,209263,NGJ1-NGM1
1610930313766691973,1610930313765972003,0,1,111296,T,N,0,2641000000,1,0,19314,209263,NGJ1
1610930313766851981,1610930313765973187,0,1,111296,T,B,0,2642000000,1,0,21908,209268,NGJ1
1610930313789120507,1610930313788831979,0,1,111293,T,B,0,2653000000,1,0,17799,209314,NGG1
1610930314299734436,1610930314299396269,0,1,111293,T,B,0,2653000000,1,0,23838,209364,NGG1
1610930314300369078,1610930314300039121,0,1,111294,T,A,0,2625000000,1,0,18491,209375,NGH1
1610930319365862936,1610930319365433641,0,1,111294,T,B,0,2626000000,1,0,17948,209427,NGH1
1610930323433640214,1610930323432920777,0,1,111293,T,A,0,2653000000,1,0,24190,209453,NGG1
1610930323434037234,1610930323433712923,0,1,111293,T,A,0,2653000000,1,0,17982,209457,NGG1
1610930326066482215,1610930326065673105,0,1,111294,T,B,0,2626000000,1,0,18157,209514,NGH1
1610930327894113261,1610930327893697419,0,1,111293,T,A,0,2653000000,2,0,18098,209552,NGG1
1610930329525341459,1610930329524866707,0,1,111293,T,A,0,2652000000,1,0,23973,209605,NGG1
1610930331352028248,1610930331351660743,0,1,111293,T,A,0,2652000000,2,0,17927,209615,NGG1
1610930331992805773,1610930331992356479,0,1,111293,T,B,0,2653000000,1,0,23736,209638,NGG1
1610930333147628790,1610930333146985621,0,1,111299,T,A,0,2745000000,1,128,18380,209669,NGM1
1610930333147628790,1610930333146985621,0,1,111311,T,N,0,2847000000,1,0,18380,209669,NGV1
1610930333147628790,1610930333146985621,0,1,41782,T,N,0,-102000000,1,0,18380,209669,NGM1-NGV1
1610930333261421146,1610930333261060969,0,1,111294,T,A,0,2625000000,1,0,17964,209690,NGH1
1610930333271982362,1610930333271670415,0,1,111294,T,A,0,2625000000,1,0,17897,209704,NGH1
1610930342065412916,1610930342064146527,0,1,111294,T,N,0,2625000000,1,0,39137,209801,NGH1
1610930342065412916,1610930342064146527,0,1,111293,T,A,0,2652000000,9,0,39137,209801,NGG1
1610930342065412916,1610930342064146527,0,1,215880,T,N,0,27000000,1,0,39137,209801,NGG1-NGH1
1610930342068344050,1610930342065444357,0,1,111311,T,N,0,2847000000,1,0,17983,209811,NGV1
1610930342068344050,1610930342065444357,0,1,111296,T,A,0,2642000000,1,128,17983,209811,NGJ1
1610930342068344050,1610930342065444357,0,1,41645,T,N,0,-205000000,1,0,17983,209811,NGJ1-NGV1
1610930342069893563,1610930342067473159,0,1,111294,T,A,0,2624000000,1,0,18056,209851,NGH1
1610930342072214211,1610930342071456753,0,1,111298,T,B,0,2679000000,1,0,17666,209898,NGK1
1610930343479827427,1610930343479455293,0,1,111293,T,B,0,2652000000,1,0,18529,209982,NGG1
1610930355612544046,1610930355611591383,0,1,111293,T,A,0,2651000000,14,0,20803,210032,NGG1
1610930355613481760,1610930355612549051,0,1,111293,T,N,0,2651000000,1,0,19042,210042,NGG1
1610930355613481760,1610930355612549051,0,1,111294,T,A,0,2623000000,3,0,19042,210042,NGH1
1610930355613481760,1610930355612549051,0,1,215880,T,N,0,28000000,1,0,19042,210042,NGG1-NGH1
1610930355613907159,1610930355612549327,0,1,111293,T,A,0,2651000000,16,0,23614,210045,NGG1
1610930355614006343,1610930355613493205,0,1,111293,T,A,0,2651000000,4,0,23089,210051,NGG1
1610930363273674776,1610930363273190513,0,1,111294,T,A,0,2624000000,1,0,18115,210118,NGH1
1610930379323907620,1610930379323141359,0,1,111293,T,B,0,2652000000,16,0,23948,210166,NGG1
1610930379324046880,1610930379323190681,0,1,111293,T,B,0,2652000000,14,0,27328,210169,NGG1
1610930379324297680,1610930379323921703,0,1,111293,T,B,0,2652000000,7,0,19253,210173,NGG1
1610930379325999781,1610930379324988491,0,1,111294,T,A,0,2625000000,1,0,19214,210206,NGH1
1610930379328428500,1610930379327398889,0,1,111294,T,B,0,2625000000,1,0,19183,210263,NGH1
1610930389103179584,1610930389102610699,0,1,111293,T,A,0,2652000000,1,0,23237,210311,NGG1
1610930389143777118,1610930389143416695,0,1,111293,T,B,0,2652000000,1,0,21276,210380,NGG1
1610930389143871246,1610930389143418461,0,1,111293,T,B,0,2652000000,2,0,17843,210382,NGG1
1610930391604507392,1610930391604044609,0,1,111294,T,A,0,2624000000,2,0,25434,210441,NGH1
1610930395566302096,1610930395565746591,0,1,111294,T,B,0,2625000000,1,0,24296,210514,NGH1
1610930417093585312,1610930417092535503,0,1,41645,T,B,0,-204000000,7,0,30434,210597,NGJ1-NGV1
1610930417093612432,1610930417092541933,0,1,41645,T,B,0,-204000000,7,0,22885,210598,NGJ1-NGV1
1610930417163359704,1610930417162061087,0,1,41645,T,B,0,-204000000,7,0,18577,210607,NGJ1-NGV1
1610930427777032945,1610930427776327341,0,1,111293,T,B,0,2652000000,1,0,18041,210631,NGG1
1610930449501043285,1610930449499890781,0,1,111293,T,A,0,2651000000,10,0,20331,210656,NGG1
1610930449501458240,1610930449501048319,0,1,111294,T,A,0,2623000000,2,0,18503,210660,NGH1
1610930449503931603,1610930449502714113,0,1,111293,T,A,0,2650000000,1,0,19116,210711,NGG1
1610930449503931603,1610930449502714113,0,1,111293,T,A,0,2650000000,1,0,19116,210711,NGG1
1610930449504040575,1610930449502719023,0,1,111296,T,A,0,2640000000,1,0,22689,210713,NGJ1
1610930449505267397,1610930449503945701,0,1,111293,T,A,0,2650000000,2,0,18071,210742,NGG1
1610930449752227077,1610930449751899763,0,1,111294,T,B,0,2623000000,1,0,17276,210868,NGH1
1610930449792197544,1610930449791894243,0,1,111293,T,A,0,2650000000,1,0,18105,210888,NGG1
1610930449795656833,1610930449795343205,0,1,111293,T,A,0,2650000000,1,0,17597,210916,NGG1
1610930449799620046,1610930449799314461,0,1,111294,T,A,0,2622000000,1,0,18952,210927,NGH1
