ts_recv,ts_event,rtype,publisher_id,instrument_id,action,side,depth,price,size,flags,ts_in_delta,sequence,symbol
1608505200346677487,1608505200000000000,0,1,111291,T,N,0,2730000000,53,4,24194,61049,NGF1
1608505200355524299,1608505200000000000,0,1,15228,T,N,0,20000000,9,4,24746,61050,NGF1-NGG1
1608505200355724003,1608505200000000000,0,1,215879,T,N,0,49000000,1,4,19676,61051,NGF1-NGH1
1608505200355873295,1608505200000000000,0,1,111293,T,N,0,2709000000,1,4,17343,61052,NGG1
1608505200355986959,1608505200000000000,0,1,111294,T,N,0,2680000000,11,4,19946,61053,NGH1
1608505200356110858,1608505200000000000,0,1,24512,T,N,0,-5000000,1,4,18043,61054,NGH1-NGJ1
1608505200388771587,1608505200000000000,0,1,111294,T,N,0,2680000000,1,4,18838,61144,NGH1
1608505200388771587,1608505200000000000,0,1,215879,T,N,0,49000000,1,4,18838,61144,NGF1-NGH1
1608505200388771587,1608505200000000000,0,1,111291,T,N,0,2729000000,1,4,18838,61144,NGF1
1608505200448605135,1608505200003736899,0,1,111291,T,N,0,2728000000,1,4,19922,61350,NGF1
1608505200448605135,1608505200003736899,0,1,215879,T,A,0,48000000,1,132,19922,61350,NGF1-NGH1
1608505200448605135,1608505200003736899,0,1,111294,T,N,0,2680000000,1,4,19922,61350,NGH1
1608505200450319800,1608505200020087771,0,1,111291,T,A,0,2728000000,7,4,24259,61361,NGF1
1608505200495189479,1608505200362673335,0,1,111294,T,N,0,2680000000,1,4,17921,61507,NGH1
1608505200495189479,1608505200362673335,0,1,111293,T,B,0,2700000000,1,132,17921,61507,NGG1
1608505200495189479,1608505200362673335,0,1,215880,T,N,0,20000000,1,4,17921,61507,NGG1-NGH1
1608505200497759158,1608505200362699203,0,1,111294,T,B,0,2680000000,6,4,17811,61517,NGH1
1608505200505869595,1608505200362792291,0,1,15228,T,B,0,19000000,3,4,23320,61553,NGF1-NGG1
1608505200511472829,1608505200362857617,0,1,15228,T,B,0,19000000,2,4,18558,61598,NGF1-NGG1
1608505200546879077,1608505200367847293,0,1,111291,T,A,0,2728000000,3,4,18183,62077,NGF1
1608505200557538762,1608505200377445549,0,1,111291,T,A,0,2728000000,1,4,18341,62426,NGF1
1608505200557538762,1608505200377445549,0,1,111291,T,A,0,2727000000,2,4,18341,62426,NGF1
1608505200558706676,1608505200383549341,0,1,111291,T,A,0,2727000000,7,4,17265,62487,NGF1
1608505200560268397,1608505200401560105,0,1,111291,T,A,0,2729000000,2,4,19372,62518,NGF1
1608505200560268397,1608505200401560105,0,1,111291,T,A,0,2727000000,6,4,19372,62518,NGF1
1608505200560268397,1608505200401560105,0,1,111294,T,N,0,2679000000,1,4,19372,62518,NGH1
1608505200560268397,1608505200401560105,0,1,215879,T,N,0,48000000,1,4,19372,62518,NGF1-NGH1
1608505200560947356,1608505200408907049,0,1,215880,T,B,0,20000000,1,4,17641,62528,NGG1-NGH1
1608505200561001191,1608505200408967129,0,1,15228,T,B,0,20000000,1,4,18607,62530,NGF1-NGG1
1608505200561047475,1608505200413493455,0,1,111291,T,B,0,2729000000,2,4,18288,62532,NGF1
1608505200561047475,1608505200413493455,0,1,111291,T,B,0,2730000000,1,4,18288,62532,NGF1
1608505200561291987,1608505200415877857,0,1,215880,T,B,0,20000000,8,4,18388,62537,NGG1-NGH1
1608505200561383319,1608505200416030049,0,1,215879,T,A,0,47000000,2,4,17700,62540,NGF1-NGH1
1608505200561464926,1608505200416639737,0,1,215879,T,N,0,49000000,1,4,18930,62543,NGF1-NGH1
1608505200561464926,1608505200416639737,0,1,111291,T,B,0,2730000000,6,4,18930,62543,NGF1
1608505200561464926,1608505200416639737,0,1,15228,T,N,0,20000000,4,4,18930,62543,NGF1-NGG1
1608505200561464926,1608505200416639737,0,1,111294,T,N,0,2681000000,1,4,18930,62543,NGH1
1608505200561464926,1608505200416639737,0,1,111293,T,N,0,2710000000,4,4,18930,62543,NGG1
1608505200561952174,1608505200441373617,0,1,15228,T,B,0,20000000,8,4,17477,62554,NGF1-NGG1
1608505200562131021,1608505200446932011,0,1,215879,T,A,0,46000000,1,4,17319,62561,NGF1-NGH1
1608505200563734367,1608505200452993787,0,1,215880,T,B,0,19000000,5,4,18643,62619,NGG1-NGH1
1608505200563734367,1608505200452993787,0,1,215880,T,B,0,20000000,2,4,18643,62619,NGG1-NGH1
1608505200564769516,1608505200455149837,0,1,111291,T,B,0,2730000000,3,4,18621,62660,NGF1
1608505200565954106,1608505200467464447,0,1,215879,T,A,0,46000000,1,4,18198,62713,NGF1-NGH1
1608505200567178276,1608505200476421765,0,1,215880,T,B,0,21000000,1,4,18307,62743,NGG1-NGH1
1608505200567233896,1608505200476426757,0,1,15228,T,B,0,20000000,1,4,17351,62745,NGF1-NGG1
1608505200567319504,1608505200480794981,0,1,215880,T,A,0,20000000,2,4,18209,62748,NGG1-NGH1
1608505200567729347,1608505200492805139,0,1,215879,T,A,0,48000000,1,4,18309,62761,NGF1-NGH1
1608505200568744801,1608505200497680179,0,1,15228,T,B,0,20000000,1,4,18213,62812,NGF1-NGG1
1608505200569115757,1608505200498740859,0,1,215880,T,A,0,19000000,1,4,17480,62822,NGG1-NGH1
1608505200570143879,1608505200503035933,0,1,215879,T,N,0,47000000,1,4,18562,62843,NGF1-NGH1
1608505200570143879,1608505200503035933,0,1,111291,T,N,0,2728000000,1,4,18562,62843,NGF1
1608505200570143879,1608505200503035933,0,1,111294,T,B,0,2681000000,1,132,18562,62843,NGH1
1608505200570351682,1608505200503394813,0,1,111291,T,B,0,2728000000,1,4,20701,62846,NGF1
1608505200571082517,1608505200505973757,0,1,15228,T,A,0,19000000,5,4,18227,62861,NGF1-NGG1
1608505200571210869,1608505200506082817,0,1,215879,T,A,0,46000000,1,4,18139,62867,NGF1-NGH1
1608505200572355079,1608505200509968259,0,1,215880,T,B,0,19000000,1,4,21272,62882,NGG1-NGH1
1608505200572718366,1608505200510384255,0,1,15228,T,N,0,20000000,1,4,18555,62888,NGF1-NGG1
1608505200572718366,1608505200510384255,0,1,111291,T,B,0,2729000000,1,132,18555,62888,NGF1
1608505200572718366,1608505200510384255,0,1,111293,T,N,0,2709000000,1,4,18555,62888,NGG1
1608505200575328158,1608505200538691341,0,1,15228,T,A,0,19000000,1,4,18326,62972,NGF1-NGG1
1608505200575714281,1608505200539648227,0,1,15228,T,B,0,20000000,7,4,18077,62982,NGF1-NGG1
1608505200576038372,1608505200544441573,0,1,215879,T,A,0,44000000,1,4,17950,62999,NGF1-NGH1
1608505200576103196,1608505200544571311,0,1,15228,T,B,0,20000000,8,4,18263,63001,NGF1-NGG1
1608505200576164960,1608505200544571557,0,1,15228,T,B,0,20000000,7,4,19000,63003,NGF1-NGG1
1608505200576164960,1608505200544571557,0,1,15228,T,B,0,21000000,1,4,19000,63003,NGF1-NGG1
1608505200576311376,1608505200545462541,0,1,111291,T,B,0,2729000000,1,4,17563,63009,NGF1
1608505200576311376,1608505200545462541,0,1,111291,T,B,0,2730000000,1,4,17563,63009,NGF1
1608505200581231583,1608505200559903331,0,1,111294,T,B,0,2681000000,1,132,18091,63109,NGH1
1608505200581231583,1608505200559903331,0,1,24512,T,N,0,-4000000,1,4,18091,63109,NGH1-NGJ1
1608505200581231583,1608505200559903331,0,1,111296,T,N,0,2685000000,1,4,18091,63109,NGJ1
1608505200583037755,1608505200561314679,0,1,215880,T,B,0,19000000,1,4,18912,63151,NGG1-NGH1
1608505200583037755,1608505200561314679,0,1,215880,T,B,0,20000000,7,4,18912,63151,NGG1-NGH1
1608505200583177475,1608505200561398729,0,1,215880,T,A,0,20000000,1,4,17968,63158,NGG1-NGH1
1608505200585974658,1608505200567191251,0,1,215880,T,B,0,21000000,4,4,18353,63244,NGG1-NGH1
1608505200586068350,1608505200567246921,0,1,215879,T,A,0,45000000,1,4,18194,63247,NGF1-NGH1
1608505200589035717,1608505200573288091,0,1,215880,T,A,0,21000000,3,4,19783,63332,NGG1-NGH1
1608505200589357976,1608505200576173641,0,1,15228,T,B,0,20000000,3,4,18395,63349,NGF1-NGG1
1608505200594079612,1608505200576232343,0,1,215880,T,A,0,19000000,5,4,19441,63352,NGG1-NGH1
1608505200594228899,1608505200576485641,0,1,111291,T,B,0,2728000000,1,4,18038,63357,NGF1
1608505200595817720,1608505200578569069,0,1,215880,T,B,0,20000000,1,4,18264,63388,NGG1-NGH1
1608505200595863536,1608505200578573659,0,1,15228,T,B,0,21000000,1,4,18093,63390,NGF1-NGG1
1608505200599664301,1608505200583279497,0,1,215880,T,B,0,20000000,1,4,18347,63465,NGG1-NGH1
1608505200603390739,1608505200588287539,0,1,111291,T,N,0,2729000000,1,4,19487,63528,NGF1
1608505200603390739,1608505200588287539,0,1,215879,T,A,0,45000000,1,132,19487,63528,NGF1-NGH1
1608505200603390739,1608505200588287539,0,1,111294,T,N,0,2684000000,1,4,19487,63528,NGH1
1608505200606004542,1608505200595593855,0,1,111291,T,A,0,2728000000,1,4,19031,63575,NGF1
1608505200607644275,1608505200596882045,0,1,204979,T,A,0,-7000000,4,4,19516,63594,NGJ1-NGK1
1608505200617654345,1608505200614853263,0,1,111291,T,N,0,2728000000,1,4,20036,63843,NGF1
1608505200617654345,1608505200614853263,0,1,111294,T,N,0,2687000000,1,4,20036,63843,NGH1
1608505200617654345,1608505200614853263,0,1,215879,T,A,0,41000000,1,132,20036,63843,NGF1-NGH1
1608505200620402752,1608505200619389101,0,1,111296,T,A,0,2688000000,1,4,18273,63899,NGJ1
1608505200670893713,1608505200669225811,0,1,111291,T,A,0,2726000000,7,4,18957,64091,NGF1
1608505200679048914,1608505200671095275,0,1,215880,T,A,0,19000000,6,4,18130,64095,NGG1-NGH1
1608505200680499155,1608505200679058775,0,1,215880,T,A,0,19000000,1,4,21332,64105,NGG1-NGH1
1608505200681153566,1608505200679116517,0,1,215880,T,A,0,19000000,2,4,18977,64110,NGG1-NGH1
1608505200682385168,1608505200679378689,0,1,215880,T,A,0,19000000,6,4,24845,64113,NGG1-NGH1
1608505200684940471,1608505200683209755,0,1,111291,T,N,0,2726000000,7,4,19604,64140,NGF1
1608505200684940471,1608505200683209755,0,1,215879,T,N,0,39000000,7,4,19604,64140,NGF1-NGH1
1608505200684940471,1608505200683209755,0,1,111294,T,A,0,2687000000,7,132,19604,64140,NGH1
1608505200685791774,1608505200684966825,0,1,111291,T,B,0,2727000000,1,4,19039,64150,NGF1
1608505200712683881,1608505200711244963,0,1,111291,T,A,0,2726000000,1,4,19245,64207,NGF1
1608505200949359153,1608505200947389043,0,1,111291,T,A,0,2726000000,1,4,19074,64602,NGF1
1608505200979107796,1608505200972089835,0,1,111291,T,B,0,2727000000,1,4,19758,64650,NGF1
1608505201003720947,1608505201003051489,0,1,111291,T,B,0,2727000000,1,4,18926,64721,NGF1
1608505201006057943,1608505201003054045,0,1,111291,T,B,0,2727000000,1,132,19425,64725,NGF1
1608505201006057943,1608505201003054045,0,1,111294,T,N,0,2688000000,1,4,19425,64725,NGH1
1608505201006057943,1608505201003054045,0,1,215879,T,N,0,39000000,1,4,19425,64725,NGF1-NGH1
1608505201032746830,1608505201032094843,0,1,111291,T,B,0,2728000000,1,4,18576,64790,NGF1
1608505201033698589,1608505201032759555,0,1,111291,T,B,0,2728000000,1,4,18133,64792,NGF1
1608505201034298632,1608505201032947079,0,1,111291,T,B,0,2728000000,1,132,19712,64796,NGF1
1608505201034298632,1608505201032947079,0,1,215879,T,N,0,40000000,1,4,19712,64796,NGF1-NGH1
1608505201034298632,1608505201032947079,0,1,111294,T,N,0,2688000000,1,4,19712,64796,NGH1
1608505201035151390,1608505201034523367,0,1,111294,T,B,0,2688000000,2,4,18027,64813,NGH1
1608505201035813533,1608505201034676663,0,1,111294,T,B,0,2688000000,1,4,18270,64821,NGH1
1608505201036346216,1608505201034704841,0,1,111294,T,B,0,2688000000,1,4,18848,64829,NGH1
1608505201040001873,1608505201038006403,0,1,111294,T,B,0,2688000000,1,4,17926,64850,NGH1
1608505201043901162,1608505201040469967,0,1,111294,T,N,0,2688000000,1,4,21045,64867,NGH1
1608505201043901162,1608505201040469967,0,1,215879,T,A,0,39000000,1,132,21045,64867,NGF1-NGH1
1608505201043901162,1608505201040469967,0,1,111291,T,N,0,2727000000,1,4,21045,64867,NGF1
1608505201060167153,1608505201055358023,0,1,111291,T,B,0,2727000000,1,132,18517,64889,NGF1
1608505201060167153,1608505201055358023,0,1,215879,T,N,0,39000000,1,4,18517,64889,NGF1-NGH1
1608505201060167153,1608505201055358023,0,1,111294,T,N,0,2688000000,1,4,18517,64889,NGH1
1608505201062752128,1608505201060585097,0,1,111294,T,N,0,2688000000,2,4,19781,64895,NGH1
1608505201062752128,1608505201060585097,0,1,215879,T,N,0,39000000,2,4,19781,64895,NGF1-NGH1
1608505201062752128,1608505201060585097,0,1,111291,T,B,0,2727000000,2,132,19781,64895,NGF1
1608505201069205169,1608505201067617677,0,1,111294,T,B,0,2688000000,2,4,19422,64911,NGH1
1608505201078366564,1608505201069590151,0,1,111294,T,A,0,2688000000,2,4,18795,64937,NGH1
1608505201078366564,1608505201069590151,0,1,111291,T,N,0,2727000000,1,4,18795,64937,NGF1
1608505201078366564,1608505201069590151,0,1,215879,T,N,0,39000000,1,4,18795,64937,NGF1-NGH1
1608505201078782695,1608505201071246997,0,1,215879,T,A,0,39000000,1,132,21266,64943,NGF1-NGH1
1608505201078782695,1608505201071246997,0,1,111291,T,N,0,2727000000,1,4,21266,64943,NGF1
1608505201078782695,1608505201071246997,0,1,111294,T,N,0,2688000000,1,4,21266,64943,NGH1
1608505201079128979,1608505201077565037,0,1,111294,T,B,0,2688000000,1,4,18216,64950,NGH1
1608505201079702098,1608505201077808291,0,1,111296,T,A,0,2690000000,1,4,18484,64960,NGJ1
1608505201100447444,1608505201096885451,0,1,111293,T,A,0,2707000000,1,4,18098,65047,NGG1
1608505201147811886,1608505201146098093,0,1,111294,T,N,0,2688000000,1,4,18258,65093,NGH1
1608505201147811886,1608505201146098093,0,1,111291,T,B,0,2727000000,1,132,18258,65093,NGF1
1608505201147811886,1608505201146098093,0,1,215879,T,N,0,39000000,1,4,18258,65093,NGF1-NGH1
1608505201641003171,1608505201635129697,0,1,215879,T,N,0,40000000,3,4,30312,65303,NGF1-NGH1
1608505201641003171,1608505201635129697,0,1,111291,T,B,0,2728000000,3,4,30312,65303,NGF1
1608505201641003171,1608505201635129697,0,1,111291,T,B,0,2729000000,3,4,30312,65303,NGF1
1608505201641003171,1608505201635129697,0,1,111291,T,B,0,2730000000,1,4,30312,65303,NGF1
1608505201641003171,1608505201635129697,0,1,111294,T,N,0,2688000000,3,4,30312,65303,NGH1
1608505201641003171,1608505201635129697,0,1,111293,T,N,0,2709000000,1,4,30312,65303,NGG1
1608505201641003171,1608505201635129697,0,1,15228,T,N,0,20000000,1,4,30312,65303,NGF1-NGG1
1608505201656784391,1608505201641105651,0,1,15228,T,B,0,20000000,7,4,27974,65334,NGF1-NGG1
1608505201657750125,1608505201641569785,0,1,111294,T,N,0,2688000000,1,4,17545,65375,NGH1
1608505201657750125,1608505201641569785,0,1,111291,T,B,0,2729000000,1,132,17545,65375,NGF1
1608505201657750125,1608505201641569785,0,1,215879,T,N,0,41000000,1,4,17545,65375,NGF1-NGH1
1608505201679735410,1608505201677472443,0,1,111291,T,B,0,2730000000,1,4,21483,65483,NGF1
1608505201679914917,1608505201678105779,0,1,111291,T,B,0,2730000000,2,4,18678,65485,NGF1
1608505201679914917,1608505201678105779,0,1,215879,T,N,0,42000000,1,4,18678,65485,NGF1-NGH1
1608505201679914917,1608505201678105779,0,1,111294,T,N,0,2688000000,1,4,18678,65485,NGH1
1608505201681900974,1608505201680960797,0,1,215879,T,A,0,42000000,1,4,18799,65501,NGF1-NGH1
1608505201688629586,1608505201686676427,0,1,215879,T,A,0,41000000,1,4,18716,65511,NGF1-NGH1
1608505201689841023,1608505201688687831,0,1,215879,T,B,0,41000000,1,4,18846,65515,NGF1-NGH1
1608505201884136930,1608505201881987333,0,1,111291,T,A,0,2729000000,1,4,18663,65595,NGF1
1608505201949238449,1608505201948436171,0,1,111291,T,B,0,2730000000,1,4,18878,65605,NGF1
1608505201986221262,1608505201984100691,0,1,111291,T,B,0,2730000000,1,4,18140,65621,NGF1
1608505201987140596,1608505201986258059,0,1,111291,T,B,0,2730000000,1,4,18252,65623,NGF1
1608505202017467806,1608505202013241223,0,1,111291,T,A,0,2729000000,2,4,21107,65628,NGF1
1608505202017467806,1608505202013241223,0,1,111291,T,A,0,2728000000,3,4,21107,65628,NGF1
1608505202017467806,1608505202013241223,0,1,111291,T,A,0,2727000000,2,4,21107,65628,NGF1
1608505202017467806,1608505202013241223,0,1,111291,T,A,0,2726000000,3,4,21107,65628,NGF1
1608505202017467806,1608505202013241223,0,1,15228,T,N,0,20000000,1,4,21107,65628,NGF1-NGG1
1608505202017467806,1608505202013241223,0,1,111293,T,N,0,2707000000,1,4,21107,65628,NGG1
1608505202018975551,1608505202017128043,0,1,111298,T,A,0,2697000000,1,4,18812,65645,NGK1
1608505202223980146,1608505202223318965,0,1,111291,T,A,0,2727000000,1,4,18106,65720,NGF1
1608505202375256606,1608505202373847499,0,1,111291,T,B,0,2730000000,1,4,17625,65754,NGF1
1608505202464131830,1608505202463513813,0,1,111291,T,B,0,2730000000,1,4,18473,65767,NGF1
1608505202619067824,1608505202618309587,0,1,111291,T,B,0,2728000000,4,4,19686,65791,NGF1
1608505202619743506,1608505202619080797,0,1,111291,T,B,0,2728000000,1,4,17857,65801,NGF1
1608505202779298614,1608505202778289169,0,1,111291,T,A,0,2727000000,4,4,19485,65913,NGF1
1608505202779298614,1608505202778289169,0,1,111291,T,A,0,2726000000,1,4,19485,65913,NGF1
1608505202948382521,1608505202947683773,0,1,111291,T,B,0,2727000000,1,4,18960,65977,NGF1
1608505203111426323,1608505203110060967,0,1,111291,T,B,0,2728000000,1,4,20894,66036,NGF1
1608505203111426323,1608505203110060967,0,1,111291,T,B,0,2729000000,1,4,20894,66036,NGF1
1608505203120083935,1608505203119559415,0,1,111291,T,B,0,2729000000,1,4,18765,66063,NGF1
1608505203172892068,1608505203172187469,0,1,111291,T,B,0,2729000000,6,4,18433,66083,NGF1
1608505203244752790,1608505203244191147,0,1,111291,T,A,0,2728000000,1,4,17647,66136,NGF1
1608505203269769321,1608505203269264229,0,1,111291,T,A,0,2728000000,1,4,17938,66179,NGF1
1608505203845093702,1608505203843479007,0,1,111291,T,B,0,2729000000,6,4,19469,66261,NGF1
1608505203845093702,1608505203843479007,0,1,215879,T,N,0,41000000,1,4,19469,66261,NGF1-NGH1
1608505203845093702,1608505203843479007,0,1,111294,T,N,0,2688000000,1,4,19469,66261,NGH1
1608505203880075751,1608505203879490473,0,1,111291,T,B,0,2728000000,1,4,18871,66353,NGF1
1608505204428490822,1608505204427609711,0,1,111291,T,B,0,2728000000,1,4,18258,66435,NGF1
1608505205605161907,1608505205604406721,0,1,111291,T,A,0,2728000000,1,4,18705,66582,NGF1
1608505205755044335,1608505205753920003,0,1,204979,T,B,0,-7000000,4,4,18613,66606,NGJ1-NGK1
1608505205756351053,1608505205755061805,0,1,204979,T,A,0,-7000000,4,4,21027,66643,NGJ1-NGK1
1608505205828262314,1608505205827689193,0,1,111291,T,A,0,2728000000,1,4,18004,66747,NGF1
1608505207428226004,1608505207426372945,0,1,111291,T,B,0,2728000000,1,132,19721,66878,NGF1
1608505207428226004,1608505207426372945,0,1,111293,T,N,0,2707000000,1,4,19721,66878,NGG1
1608505207428226004,1608505207426372945,0,1,15228,T,N,0,21000000,1,4,19721,66878,NGF1-NGG1
1608505207715247995,1608505207714610107,0,1,111291,T,B,0,2729000000,1,4,18570,66937,NGF1
1608505207930376718,1608505207929739953,0,1,111291,T,A,0,2728000000,1,4,18460,66972,NGF1
1608505208454738399,1608505208453427457,0,1,215880,T,B,0,20000000,1,4,23600,67010,NGG1-NGH1
1608505208798506315,1608505208797814839,0,1,111291,T,A,0,2728000000,1,4,18361,67035,NGF1
1608505208866958571,1608505208866316505,0,1,111291,T,A,0,2728000000,1,4,18319,67043,NGF1
1608505208967122102,1608505208966361999,0,1,215880,T,B,0,20000000,1,4,18877,67049,NGG1-NGH1
1608505208983293636,1608505208982226029,0,1,111291,T,N,0,2728000000,2,4,19437,67069,NGF1
1608505208983293636,1608505208982226029,0,1,15228,T,N,0,21000000,2,4,19437,67069,NGF1-NGG1
1608505208983293636,1608505208982226029,0,1,111293,T,A,0,2707000000,2,132,19437,67069,NGG1
1608505209320145169,1608505209319577731,0,1,111291,T,B,0,2729000000,1,4,18052,67076,NGF1
1608505209424095205,1608505209423544549,0,1,111291,T,B,0,2729000000,1,4,18684,67082,NGF1
1608505209447770442,1608505209447109207,0,1,111291,T,B,0,2729000000,1,4,18493,67089,NGF1
1608505209548095216,1608505209547499723,0,1,111291,T,B,0,2729000000,1,4,18375,67105,NGF1
1608505209680290482,1608505209679712549,0,1,111291,T,B,0,2729000000,1,4,18202,67117,NGF1
1608505210581126827,1608505210579703071,0,1,15228,T,B,0,21000000,16,4,18866,67281,NGF1-NGG1
1608505210584772577,1608505210583961389,0,1,15228,T,B,0,21000000,5,4,18856,67285,NGF1-NGG1
1608505211020217645,1608505211019545353,0,1,111291,T,B,0,2729000000,3,4,17800,67314,NGF1
1608505211024161666,1608505211022370375,0,1,111291,T,B,0,2729000000,1,4,25800,67338,NGF1
1608505211024182354,1608505211023069487,0,1,111291,T,B,0,2729000000,1,4,19681,67340,NGF1
1608505211032821003,1608505211032145969,0,1,111291,T,A,0,2729000000,2,4,18834,67353,NGF1
1608505211347353449,1608505211345470451,0,1,111291,T,N,0,2728000000,1,4,21942,67380,NGF1
1608505211347353449,1608505211345470451,0,1,15228,T,N,0,21000000,1,4,21942,67380,NGF1-NGG1
1608505211347353449,1608505211345470451,0,1,111293,T,A,0,2707000000,1,132,21942,67380,NGG1
1608505211646752477,1608505211646136537,0,1,111291,T,A,0,2728000000,6,4,19118,67417,NGF1
1608505211647416792,1608505211646850757,0,1,111291,T,A,0,2728000000,1,4,18317,67422,NGF1
1608505211650870410,1608505211650280543,0,1,111293,T,A,0,2707000000,1,4,18097,67450,NGG1
1608505212175700278,1608505212173078529,0,1,111291,T,N,0,2728000000,1,4,19555,67511,NGF1
1608505212175700278,1608505212173078529,0,1,61593,T,N,0,7500000,1,4,19555,67511,NGF1-HHF1
1608505212542385275,1608505212541684263,0,1,215880,T,A,0,20000000,1,4,18819,67541,NGG1-NGH1
1608505212864286301,1608505212863670401,0,1,111291,T,A,0,2727000000,2,4,18293,67569,NGF1
1608505213353534480,1608505213352077425,0,1,111291,T,B,0,2728000000,4,4,19555,67605,NGF1
1608505213353534480,1608505213352077425,0,1,111291,T,B,0,2729000000,1,4,19555,67605,NGF1
1608505213781571592,1608505213781036935,0,1,111291,T,B,0,2729000000,2,4,18148,67664,NGF1
1608505213860383103,1608505213859769717,0,1,111291,T,A,0,2729000000,1,4,18449,67677,NGF1
1608505214156966936,1608505214155635423,0,1,111291,T,A,0,2728000000,2,4,18211,67698,NGF1
1608505214192087452,1608505214189400821,0,1,111291,T,A,0,2727000000,5,4,21965,67720,NGF1
1608505214192087452,1608505214189400821,0,1,111291,T,A,0,2726000000,8,4,21965,67720,NGF1
1608505214192087452,1608505214189400821,0,1,61593,T,N,0,7500000,2,4,21965,67720,NGF1-HHF1
1608505214192087452,1608505214189400821,0,1,111293,T,N,0,2706000000,1,4,21965,67720,NGG1
1608505214192087452,1608505214189400821,0,1,15228,T,N,0,20000000,1,4,21965,67720,NGF1-NGG1
1608505214352782605,1608505214352100119,0,1,111291,T,B,0,2727000000,1,4,18379,67844,NGF1
1608505215266076979,1608505215264050983,0,1,111291,T,A,0,2726000000,3,4,18976,67923,NGF1
1608505215269447545,1608505215268769487,0,1,111293,T,A,0,2706000000,1,4,17882,67943,NGG1
1608505215701246021,1608505215700496629,0,1,111294,T,A,0,2686000000,1,4,17807,67957,NGH1
1608505215701721841,1608505215700497671,0,1,215880,T,A,0,20000000,1,4,18749,67962,NGG1-NGH1
1608505216032954442,1608505216032321855,0,1,111291,T,B,0,2727000000,1,4,18353,68003,NGF1
1608505218374457786,1608505218373263769,0,1,24512,T,B,0,-2000000,1,4,18823,68072,NGH1-NGJ1
1608505218801730145,1608505218801026293,0,1,111291,T,A,0,2726000000,2,4,24226,68155,NGF1
1608505219444203319,1608505219443420507,0,1,215880,T,A,0,20000000,1,4,18588,68193,NGG1-NGH1
1608505220190670386,1608505220186478719,0,1,215879,T,B,0,42000000,2,4,24223,68216,NGF1-NGH1
1608505220191445037,1608505220190706051,0,1,215879,T,A,0,42000000,1,4,18834,68218,NGF1-NGH1
1608505220241886305,1608505220240855277,0,1,62831,T,N,0,-56000000,1,4,18633,68268,NGM1-NGN1
1608505220241886305,1608505220240855277,0,1,111301,T,A,0,2794000000,1,132,18633,68268,NGN1
1608505220241886305,1608505220240855277,0,1,111299,T,N,0,2738000000,1,4,18633,68268,NGM1
1608505221030210877,1608505221029049375,0,1,24512,T,B,0,0,1,4,27091,68294,NGH1-NGJ1
1608505222355946575,1608505222355050429,0,1,111291,T,A,0,2726000000,2,4,23900,68308,NGF1
1608505222356504138,1608505222355960571,0,1,111291,T,A,0,2726000000,1,4,18194,68310,NGF1
1608505222356819021,1608505222356027589,0,1,111291,T,A,0,2726000000,1,4,18654,68312,NGF1
1608505222358189035,1608505222357704141,0,1,111291,T,A,0,2726000000,1,4,18613,68329,NGF1
1608505222586167428,1608505222585156895,0,1,111291,T,B,0,2726000000,2,4,26697,68394,NGF1
1608505222586167428,1608505222585156895,0,1,111291,T,B,0,2727000000,5,4,26697,68394,NGF1
1608505222587123931,1608505222586417117,0,1,111291,T,A,0,2727000000,3,4,18016,68409,NGF1
1608505222883549538,1608505222882891319,0,1,111291,T,A,0,2727000000,1,4,25137,68454,NGF1
1608505222912530257,1608505222911957263,0,1,111291,T,B,0,2728000000,2,4,18882,68459,NGF1
1608505223283131385,1608505223281836211,0,1,215880,T,A,0,20000000,1,4,18818,68489,NGG1-NGH1
1608505223663155010,1608505223662499965,0,1,111291,T,A,0,2727000000,1,4,18108,68497,NGF1
1608505225212301069,1608505225210138529,0,1,111291,T,A,0,2727000000,10,4,20762,68539,NGF1
1608505225212301069,1608505225210138529,0,1,111291,T,A,0,2726000000,4,4,20762,68539,NGF1
1608505225212301069,1608505225210138529,0,1,111293,T,N,0,2706000000,1,4,20762,68539,NGG1
1608505225212301069,1608505225210138529,0,1,15228,T,N,0,20000000,1,4,20762,68539,NGF1-NGG1
1608505225225307270,1608505225224590219,0,1,111291,T,A,0,2725000000,6,4,19064,68591,NGF1
1608505225228342672,1608505225224599279,0,1,111291,T,A,0,2725000000,9,4,17990,68593,NGF1
1608505225243073041,1608505225242251277,0,1,111291,T,B,0,2725000000,10,4,18022,68642,NGF1
1608505225248256924,1608505225246551223,0,1,111291,T,B,0,2726000000,11,4,18641,68653,NGF1
1608505226156950533,1608505226155469261,0,1,111291,T,B,0,2726000000,5,4,18635,68729,NGF1
1608505226701609439,1608505226700455889,0,1,215880,T,A,0,20000000,1,4,18835,68751,NGG1-NGH1
1608505228954007868,1608505228952702261,0,1,111291,T,B,0,2726000000,1,4,18752,68790,NGF1
1608505228964338166,1608505228963634259,0,1,111291,T,B,0,2726000000,1,4,18139,68798,NGF1
1608505229478535964,1608505229477153025,0,1,111291,T,B,0,2726000000,1,4,18317,68825,NGF1
1608505229986827405,1608505229986234293,0,1,111294,T,A,0,2683000000,1,4,18926,68859,NGH1
1608505230618953890,1608505230618308097,0,1,111291,T,B,0,2726000000,1,4,19800,68905,NGF1
1608505231020814829,1608505231020161137,0,1,111293,T,B,0,2706000000,1,4,19193,69003,NGG1
1608505231581236678,1608505231580574379,0,1,111291,T,A,0,2725000000,1,4,17748,69085,NGF1
1608505231583159898,1608505231582550131,0,1,111291,T,A,0,2725000000,2,4,18705,69097,NGF1
1608505231583504814,1608505231582552225,0,1,111291,T,A,0,2725000000,1,4,21569,69101,NGF1
1608505233137990523,1608505233135949037,0,1,111291,T,B,0,2725000000,3,4,26463,69213,NGF1
1608505233139609088,1608505233138055965,0,1,111291,T,A,0,2725000000,1,4,18540,69227,NGF1
1608505233140261647,1608505233139743485,0,1,111291,T,A,0,2725000000,1,4,18713,69238,NGF1
1608505235529343038,1608505235527966901,0,1,111293,T,B,0,2705000000,1,4,29325,69290,NGG1
1608505235616311046,1608505235614214725,0,1,111291,T,B,0,2725000000,5,4,25345,69300,NGF1
1608505235616311046,1608505235614214725,0,1,111291,T,B,0,2726000000,4,4,25345,69300,NGF1
1608505235616311046,1608505235614214725,0,1,111291,T,B,0,2727000000,3,4,25345,69300,NGF1
1608505237271051931,1608505237269957051,0,1,111291,T,B,0,2727000000,4,4,23976,69372,NGF1
1608505240281581028,1608505240280231141,0,1,215880,T,B,0,21000000,1,4,23682,69497,NGG1-NGH1
1608505241183566285,1608505241182831071,0,1,111291,T,B,0,2727000000,2,4,23688,69563,NGF1
1608505241205035881,1608505241203594885,0,1,215880,T,B,0,21000000,1,4,18961,69567,NGG1-NGH1
1608505242037631416,1608505242036743491,0,1,111314,T,A,0,3004000000,1,4,25428,69577,NGZ1
1608505246229849257,1608505246228887089,0,1,111291,T,B,0,2727000000,2,4,18867,69647,NGF1
1608505246233455022,1608505246232917569,0,1,111291,T,B,0,2728000000,1,4,18429,69685,NGF1
1608505246234032273,1608505246233540059,0,1,111291,T,B,0,2728000000,2,4,17749,69687,NGF1
1608505246536327886,1608505246535485871,0,1,111291,T,B,0,2728000000,3,4,20071,69709,NGF1
1608505246541969403,1608505246541435845,0,1,111291,T,B,0,2728000000,3,4,18060,69714,NGF1
1608505246544698050,1608505246544174247,0,1,111291,T,B,0,2728000000,1,4,18134,69719,NGF1
1608505247175253643,1608505247174526595,0,1,111293,T,A,0,2706000000,1,4,24163,69732,NGG1
1608505249983164334,1608505249981055997,0,1,111291,T,B,0,2728000000,1,4,17785,69754,NGF1
1608505251069231637,1608505251067333669,0,1,111291,T,A,0,2727000000,2,4,19246,69783,NGF1
1608505251686322341,1608505251685151107,0,1,111291,T,B,0,2728000000,1,4,23119,69805,NGF1
1608505251698503631,1608505251697431661,0,1,111291,T,B,0,2728000000,3,4,18365,69809,NGF1
1608505253437750086,1608505253436030537,0,1,111291,T,B,0,2729000000,1,4,23686,69871,NGF1
1608505253538938970,1608505253537981599,0,1,111291,T,A,0,2728000000,2,4,18679,69878,NGF1
1608505254171721461,1608505254171249173,0,1,111291,T,A,0,2728000000,1,4,18159,69976,NGF1
1608505254175443434,1608505254174963913,0,1,111291,T,B,0,2728000000,1,4,18803,69995,NGF1
1608505254194104360,1608505254193508923,0,1,111291,T,B,0,2728000000,1,4,18192,70022,NGF1
1608505254659261710,1608505254657947727,0,1,111291,T,A,0,2727000000,4,4,19614,70072,NGF1
1608505255307024374,1608505255306459739,0,1,111291,T,B,0,2728000000,1,4,23491,70168,NGF1
1608505256185778723,1608505256184572861,0,1,111291,T,N,0,2727000000,1,4,19583,70190,NGF1
1608505256185778723,1608505256184572861,0,1,111314,T,A,0,3005000000,1,132,19583,70190,NGZ1
1608505256185778723,1608505256184572861,0,1,160856,T,N,0,-278000000,1,4,19583,70190,NGF1-NGZ1
1608505256514586272,1608505256512406289,0,1,111291,T,N,0,2727000000,3,4,25531,70215,NGF1
1608505256514586272,1608505256512406289,0,1,111293,T,N,0,2706000000,2,4,25531,70215,NGG1
1608505256514586272,1608505256512406289,0,1,215880,T,N,0,21000000,2,4,25531,70215,NGG1-NGH1
1608505256514586272,1608505256512406289,0,1,111294,T,A,0,2685000000,5,132,25531,70215,NGH1
1608505256514586272,1608505256512406289,0,1,215879,T,N,0,42000000,3,4,25531,70215,NGF1-NGH1
1608505256515406195,1608505256512416921,0,1,215880,T,B,0,21000000,2,4,20344,70220,NGG1-NGH1
1608505256515421103,1608505256512423695,0,1,111291,T,A,0,2727000000,2,4,17721,70221,NGF1
1608505256516292969,1608505256515650801,0,1,111291,T,A,0,2727000000,1,4,18842,70253,NGF1
1608505256526558122,1608505256525713443,0,1,215880,T,B,0,21000000,2,4,18504,70277,NGG1-NGH1
1608505256527738960,1608505256526832559,0,1,215880,T,A,0,21000000,1,4,18536,70297,NGG1-NGH1
1608505256631337012,1608505256630805403,0,1,111291,T,A,0,2726000000,1,4,19017,70321,NGF1
1608505257397694019,1608505257397031977,0,1,111291,T,A,0,2727000000,1,4,18215,70377,NGF1
1608505257397971418,1608505257397034473,0,1,111291,T,A,0,2727000000,1,4,18444,70380,NGF1
1608505258425196182,1608505258424441755,0,1,111293,T,A,0,2706000000,1,4,17982,70462,NGG1
1608505260003918645,1608505260001899243,0,1,15228,T,A,0,20000000,1,4,23781,70500,NGF1-NGG1
1608505260004080464,1608505260001900695,0,1,15228,T,A,0,20000000,1,4,21365,70501,NGF1-NGG1
1608505260124449103,1608505260123906075,0,1,111291,T,A,0,2727000000,1,4,18460,70523,NGF1
1608505260125103701,1608505260124621347,0,1,111291,T,A,0,2727000000,1,4,17798,70536,NGF1
1608505260126575219,1608505260126129747,0,1,111291,T,A,0,2727000000,1,4,18189,70557,NGF1
1608505261004567868,1608505261001903221,0,1,111291,T,N,0,2727000000,1,4,21637,70600,NGF1
1608505261004567868,1608505261001903221,0,1,15228,T,A,0,20000000,7,4,21637,70600,NGF1-NGG1
1608505261004567868,1608505261001903221,0,1,111293,T,N,0,2707000000,1,4,21637,70600,NGG1
1608505261004872395,1608505261001905001,0,1,111293,T,N,0,2707000000,1,4,22389,70603,NGG1
1608505261004872395,1608505261001905001,0,1,15228,T,A,0,20000000,1,132,22389,70603,NGF1-NGG1
1608505261004872395,1608505261001905001,0,1,111291,T,N,0,2727000000,1,4,22389,70603,NGF1
1608505261006536924,1608505261005074077,0,1,15228,T,B,0,20000000,1,4,19002,70623,NGF1-NGG1
1608505261877892180,1608505261876453639,0,1,111291,T,A,0,2727000000,1,4,29454,70670,NGF1
1608505262624132048,1608505262623247207,0,1,111291,T,B,0,2728000000,2,4,17904,70687,NGF1
1608505264711124648,1608505264710422955,0,1,111291,T,B,0,2728000000,2,4,20321,70714,NGF1
1608505264711644051,1608505264711209021,0,1,111291,T,B,0,2728000000,1,4,17978,70718,NGF1
1608505266632295952,1608505266631428227,0,1,111291,T,A,0,2727000000,1,4,18834,70744,NGF1
1608505266785150938,1608505266784572073,0,1,111291,T,A,0,2727000000,1,4,20750,70774,NGF1
1608505266785775921,1608505266785214997,0,1,111291,T,A,0,2727000000,1,4,17622,70778,NGF1
1608505268429735402,1608505268428933441,0,1,111291,T,B,0,2728000000,2,4,18661,70801,NGF1
1608505270081622998,1608505270080654145,0,1,111291,T,B,0,2728000000,4,4,25169,70811,NGF1
1608505270081622998,1608505270080654145,0,1,111291,T,B,0,2729000000,1,4,25169,70811,NGF1
1608505271285515427,1608505271284720115,0,1,111294,T,A,0,2685000000,1,4,18536,70881,NGH1
1608505271303450858,1608505271302461601,0,1,111294,T,N,0,2687000000,1,4,19792,70899,NGH1
1608505271303450858,1608505271302461601,0,1,61550,T,N,0,7250000,1,4,19792,70899,NGH1-HHH1
1608505272503184306,1608505272502482473,0,1,111293,T,B,0,2708000000,1,4,24424,70947,NGG1
1608505272837661598,1608505272836723349,0,1,111293,T,N,0,2708000000,1,4,19253,70958,NGG1
1608505272837661598,1608505272836723349,0,1,111291,T,B,0,2728000000,1,4,19253,70958,NGF1
1608505272837661598,1608505272836723349,0,1,15228,T,N,0,20000000,1,4,19253,70958,NGF1-NGG1
1608505272864287141,1608505272863635093,0,1,111291,T,A,0,2728000000,2,4,18160,70974,NGF1
1608505275812179134,1608505275811378629,0,1,111293,T,B,0,2709000000,1,4,24554,70997,NGG1
1608505277828755016,1608505277827480643,0,1,111293,T,B,0,2709000000,1,4,24775,71022,NGG1
1608505278329830677,1608505278329032503,0,1,111293,T,B,0,2709000000,1,4,24038,71033,NGG1
1608505282314558167,1608505282313271351,0,1,61593,T,A,0,7750000,1,4,18543,71139,NGF1-HHF1
1608505284087314163,1608505284086554073,0,1,111291,T,A,0,2728000000,2,4,19632,71167,NGF1
1608505287335280261,1608505287334251277,0,1,111293,T,B,0,2709000000,1,4,20877,71206,NGG1
1608505288487676215,1608505288486860261,0,1,111293,T,A,0,2708000000,1,4,18072,71232,NGG1
1608505288487890198,1608505288487036027,0,1,111294,T,A,0,2686000000,1,4,17498,71236,NGH1
1608505291296001834,1608505291293780155,0,1,111293,T,A,0,2707000000,1,132,18899,71285,NGG1
1608505291296001834,1608505291293780155,0,1,111291,T,N,0,2727000000,1,4,18899,71285,NGF1
1608505291296001834,1608505291293780155,0,1,15228,T,N,0,20000000,1,4,18899,71285,NGF1-NGG1
1608505291297557299,1608505291296033823,0,1,111291,T,A,0,2727000000,4,4,18383,71288,NGF1
1608505291298959809,1608505291297569803,0,1,111291,T,A,0,2727000000,2,4,17951,71290,NGF1
1608505291300975753,1608505291300300933,0,1,111291,T,A,0,2727000000,4,4,18623,71295,NGF1
1608505296993297463,1608505296991967775,0,1,111291,T,A,0,2726000000,1,4,19079,71432,NGF1
1608505296993297463,1608505296991967775,0,1,15228,T,N,0,19000000,1,4,19079,71432,NGF1-NGG1
1608505296993297463,1608505296991967775,0,1,111293,T,N,0,2707000000,1,4,19079,71432,NGG1
1608505296996273830,1608505296993569739,0,1,111291,T,B,0,2726000000,2,4,17863,71442,NGF1
1608505301719165588,1608505301718290665,0,1,111291,T,A,0,2725000000,7,4,24760,71543,NGF1
1608505304053503482,1608505304052465119,0,1,111291,T,A,0,2725000000,1,4,18914,71624,NGF1
1608505306689976027,1608505306689313271,0,1,111291,T,A,0,2724000000,1,4,24036,71697,NGF1
1608505307349070664,1608505307348039203,0,1,111291,T,A,0,2724000000,1,4,23735,71709,NGF1
1608505311172654344,1608505311170516647,0,1,215880,T,B,0,22000000,18,4,25379,71740,NGG1-NGH1
1608505311174402393,1608505311172669015,0,1,215880,T,A,0,22000000,2,4,18343,71750,NGG1-NGH1
1608505311325713789,1608505311325198323,0,1,111293,T,A,0,2705000000,1,4,18818,71769,NGG1
1608505311777397492,1608505311776728905,0,1,111291,T,B,0,2725000000,2,4,30453,71783,NGF1
1608505311827801329,1608505311827238939,0,1,111291,T,A,0,2724000000,3,4,18728,71798,NGF1
1608505311835298195,1608505311834862821,0,1,111291,T,A,0,2724000000,1,4,17775,71801,NGF1
1608505313228068593,1608505313226560793,0,1,215880,T,B,0,22000000,6,4,18726,71842,NGG1-NGH1
1608505313628687102,1608505313628257499,0,1,111291,T,A,0,2724000000,1,4,18567,71886,NGF1
1608505313964305014,1608505313963876769,0,1,111291,T,A,0,2724000000,1,4,19107,71914,NGF1
1608505313964860677,1608505313964406885,0,1,111291,T,A,0,2724000000,2,4,17543,71918,NGF1
1608505313965587168,1608505313964409701,0,1,111291,T,A,0,2724000000,1,132,19345,71922,NGF1
1608505313965587168,1608505313964409701,0,1,111293,T,N,0,2705000000,1,4,19345,71922,NGG1
1608505313965587168,1608505313964409701,0,1,15228,T,N,0,19000000,1,4,19345,71922,NGF1-NGG1
1608505318325686660,1608505318324694767,0,1,111293,T,B,0,2706000000,1,4,24435,72009,NGG1
1608505318920000075,1608505318919223227,0,1,111291,T,A,0,2723000000,1,4,18879,72022,NGF1
1608505320332360673,1608505320330837525,0,1,111291,T,A,0,2723000000,1,4,40319,72045,NGF1
1608505320332360673,1608505320330837525,0,1,111293,T,N,0,2705000000,1,4,40319,72045,NGG1
1608505320332360673,1608505320330837525,0,1,15228,T,N,0,18000000,1,4,40319,72045,NGF1-NGG1
1608505320340425210,1608505320339661293,0,1,215880,T,A,0,22000000,1,4,18652,72083,NGG1-NGH1
1608505320341070413,1608505320340434671,0,1,215880,T,A,0,22000000,7,4,18513,72095,NGG1-NGH1
1608505320341765268,1608505320341079683,0,1,215880,T,A,0,22000000,1,4,18650,72101,NGG1-NGH1
1608505320342120599,1608505320341087297,0,1,215880,T,A,0,22000000,2,4,18356,72104,NGG1-NGH1
1608505320342487838,1608505320341113701,0,1,215880,T,A,0,22000000,3,4,20179,72106,NGG1-NGH1
1608505320863542143,1608505320862233035,0,1,111291,T,N,0,2723000000,1,4,19116,72199,NGF1
1608505320863542143,1608505320862233035,0,1,111294,T,B,0,2684000000,2,4,19116,72199,NGH1
1608505320863542143,1608505320862233035,0,1,215879,T,N,0,39000000,1,4,19116,72199,NGF1-NGH1
1608505321227135880,1608505321226017035,0,1,111291,T,A,0,2722000000,2,4,18672,72257,NGF1
1608505321227148888,1608505321226017035,0,1,111291,T,A,0,2722000000,1,4,17950,72258,NGF1
1608505321231407528,1608505321227058887,0,1,111291,T,A,0,2722000000,1,4,19546,72266,NGF1
1608505321231636548,1608505321231078789,0,1,111291,T,A,0,2722000000,2,4,18363,72270,NGF1
1608505321232528370,1608505321231846779,0,1,111291,T,A,0,2722000000,4,4,18734,72277,NGF1
1608505321235298373,1608505321234350019,0,1,111291,T,A,0,2722000000,2,4,19038,72315,NGF1
1608505321235298373,1608505321234350019,0,1,15228,T,N,0,18000000,1,4,19038,72315,NGF1-NGG1
1608505321235298373,1608505321234350019,0,1,111293,T,N,0,2704000000,1,4,19038,72315,NGG1
1608505321898546425,1608505321897466429,0,1,111291,T,B,0,2722000000,1,4,18833,72374,NGF1
1608505321916926868,1608505321915855945,0,1,111291,T,A,0,2721000000,4,4,19215,72382,NGF1
1608505322201772394,1608505322201281949,0,1,111291,T,A,0,2720000000,1,4,18659,72471,NGF1
1608505323998151822,1608505323997082583,0,1,111291,T,A,0,2720000000,3,4,18732,72513,NGF1
1608505324217042893,1608505324216505491,0,1,111291,T,A,0,2720000000,1,4,18671,72520,NGF1
1608505324341867428,1608505324341352635,0,1,111291,T,A,0,2720000000,2,4,23770,72526,NGF1
1608505327652718941,1608505327650348789,0,1,111291,T,N,0,2721000000,3,4,21877,72618,NGF1
1608505327652718941,1608505327650348789,0,1,111293,T,B,0,2704000000,4,4,21877,72618,NGG1
1608505327652718941,1608505327650348789,0,1,15228,T,N,0,17000000,3,4,21877,72618,NGF1-NGG1
1608505327753307530,1608505327752893769,0,1,111291,T,A,0,2721000000,1,4,18656,72651,NGF1
1608505328225983625,1608505328224873029,0,1,111291,T,A,0,2720000000,5,4,24895,72669,NGF1
1608505329695828705,1608505329694946431,0,1,111291,T,B,0,2721000000,2,4,24282,72705,NGF1
1608505329695828705,1608505329694946431,0,1,111291,T,B,0,2722000000,2,4,24282,72705,NGF1
1608505329871245476,1608505329870757029,0,1,111291,T,B,0,2722000000,2,4,18593,72759,NGF1
1608505329927500484,1608505329926739485,0,1,111291,T,B,0,2722000000,2,4,22801,72765,NGF1
1608505329927500484,1608505329926739485,0,1,111291,T,B,0,2723000000,2,4,22801,72765,NGF1
1608505330573694580,1608505330573125973,0,1,111293,T,A,0,2702000000,1,4,23488,72800,NGG1
1608505333162435995,1608505333160371617,0,1,61593,T,B,0,8000000,9,4,24937,72910,NGF1-HHF1
1608505334117543112,1608505334116733357,0,1,111291,T,B,0,2721000000,1,4,24567,72945,NGF1
1608505335236262040,1608505335235296085,0,1,111291,T,B,0,2721000000,1,4,22085,72972,NGF1
1608505335236262040,1608505335235296085,0,1,111291,T,B,0,2722000000,1,4,22085,72972,NGF1
1608505336629854942,1608505336629095369,0,1,111291,T,A,0,2721000000,1,4,26073,73005,NGF1
1608505340436865003,1608505340435710497,0,1,111291,T,B,0,2722000000,2,4,18657,73068,NGF1
1608505340436865003,1608505340435710497,0,1,111291,T,B,0,2723000000,2,4,18657,73068,NGF1
1608505340437659317,1608505340436875709,0,1,215879,T,B,0,39000000,3,4,18423,73073,NGF1-NGH1
1608505341792770411,1608505341791959375,0,1,111291,T,B,0,2722000000,5,4,18676,73148,NGF1
1608505348593874791,1608505348592842691,0,1,111291,T,B,0,2723000000,4,4,18672,73318,NGF1
1608505351187149383,1608505351186323233,0,1,111291,T,A,0,2723000000,2,4,17720,73445,NGF1
1608505357328235878,1608505357327509501,0,1,111291,T,B,0,2723000000,1,4,24367,73521,NGF1
1608505357329170028,1608505357328322195,0,1,61593,T,A,0,8000000,1,4,18109,73526,NGF1-HHF1
1608505357329870587,1608505357329219141,0,1,61593,T,A,0,8000000,5,4,19184,73528,NGF1-HHF1
1608505357330048055,1608505357329260177,0,1,111291,T,B,0,2723000000,1,4,18509,73533,NGF1
1608505358502621280,1608505358501023419,0,1,111293,T,B,0,2706000000,1,4,25386,73570,NGG1
1608505360356504020,1608505360354826413,0,1,111293,T,A,0,2705000000,1,4,18416,73604,NGG1
1608505361924799324,1608505361924112007,0,1,111291,T,B,0,2724000000,2,4,18547,73633,NGF1
1608505361926306022,1608505361925862819,0,1,111293,T,A,0,2705000000,1,4,17987,73641,NGG1
1608505367780808080,1608505367779065519,0,1,111291,T,A,0,2723000000,1,4,18743,73673,NGF1
1608505367782285961,1608505367780894071,0,1,111293,T,A,0,2704000000,1,4,18373,73686,NGG1
1608505371382475653,1608505371381625377,0,1,111291,T,A,0,2722000000,1,4,21759,73777,NGF1
1608505372636996658,1608505372633233555,0,1,15228,T,B,0,19000000,12,4,27483,73779,NGF1-NGG1
1608505372658283934,1608505372657272875,0,1,111291,T,N,0,2722000000,2,4,19531,73857,NGF1
1608505372658283934,1608505372657272875,0,1,215879,T,N,0,41000000,2,4,19531,73857,NGF1-NGH1
1608505372658283934,1608505372657272875,0,1,111294,T,A,0,2681000000,3,4,19531,73857,NGH1
1608505372658884041,1608505372658335135,0,1,111291,T,A,0,2722000000,2,4,18875,73866,NGF1
1608505373993700328,1608505373992990687,0,1,111291,T,B,0,2723000000,3,4,19938,73924,NGF1
1608505374020290862,1608505374019414521,0,1,111291,T,N,0,2723000000,1,4,19432,73985,NGF1
1608505374020290862,1608505374019414521,0,1,111294,T,A,0,2681000000,1,132,19432,73985,NGH1
1608505374020290862,1608505374019414521,0,1,215879,T,N,0,42000000,1,4,19432,73985,NGF1-NGH1
1608505374020339722,1608505374019419313,0,1,111291,T,A,0,2723000000,1,4,20825,73988,NGF1
1608505374351586565,1608505374351080805,0,1,111291,T,A,0,2722000000,1,4,18335,74031,NGF1
1608505374352094552,1608505374351645001,0,1,111291,T,A,0,2722000000,1,4,18113,74034,NGF1
1608505375348374787,1608505375345913067,0,1,215880,T,B,0,22000000,12,4,21342,74076,NGG1-NGH1
1608505375348374787,1608505375345913067,0,1,215880,T,B,0,23000000,46,4,21342,74076,NGG1-NGH1
1608505375358086984,1608505375350695789,0,1,215880,T,A,0,23000000,198,4,18491,74157,NGG1-NGH1
1608505375358131900,1608505375350834907,0,1,215880,T,A,0,23000000,9,4,17006,74160,NGG1-NGH1
1608505375358292880,1608505375353670307,0,1,215880,T,A,0,23000000,8,4,18472,74164,NGG1-NGH1
1608505375358702979,1608505375357154191,0,1,121372,T,A,0,-45000000,2,4,18419,74176,NGK1-NGM1
1608505375360634159,1608505375359930099,0,1,215880,T,A,0,23000000,41,4,20686,74214,NGG1-NGH1
1608505375466533414,1608505375465772525,0,1,15228,T,B,0,19000000,1,4,18992,74302,NGF1-NGG1
1608505376856531803,1608505376855087691,0,1,111291,T,A,0,2722000000,1,4,18306,74368,NGF1
1608505380149812488,1608505380148968995,0,1,111291,T,A,0,2723000000,5,4,18644,74448,NGF1
1608505380423025675,1608505380422569379,0,1,111291,T,B,0,2722000000,2,4,18314,74500,NGF1
1608505382811881803,1608505382811057627,0,1,111294,T,A,0,2679000000,1,4,18198,74590,NGH1
1608505382812047786,1608505382811063283,0,1,111296,T,A,0,2682000000,1,4,18100,74594,NGJ1
1608505382812600741,1608505382811066947,0,1,24512,T,A,0,-4000000,1,4,19172,74598,NGH1-NGJ1
1608505382813010840,1608505382811073453,0,1,111293,T,A,0,2702000000,3,4,18377,74602,NGG1
1608505382813239072,1608505382811079099,0,1,111293,T,A,0,2701000000,1,4,18273,74606,NGG1
1608505386519359959,1608505386518172287,0,1,111291,T,B,0,2721000000,2,4,18258,74769,NGF1
1608505387093230354,1608505387091290339,0,1,209631,T,A,0,-55000000,1,4,19290,74829,NGV1-NGX1
1608505388440007644,1608505388438831017,0,1,111291,T,N,0,2721000000,1,4,19673,75353,NGF1
1608505388440007644,1608505388438831017,0,1,111293,T,N,0,2702000000,1,4,19673,75353,NGG1
1608505388440007644,1608505388438831017,0,1,15228,T,A,0,19000000,1,4,19673,75353,NGF1-NGG1
1608505388440757647,1608505388439990319,0,1,15228,T,N,0,19000000,1,4,19817,75363,NGF1-NGG1
1608505388440757647,1608505388439990319,0,1,111293,T,N,0,2702000000,1,4,19817,75363,NGG1
1608505388440757647,1608505388439990319,0,1,111291,T,B,0,2721000000,1,132,19817,75363,NGF1
1608505390202955372,1608505390202030047,0,1,111291,T,A,0,2721000000,1,4,23979,75715,NGF1
1608505397916687518,1608505397915808923,0,1,111291,T,B,0,2722000000,1,4,18903,76193,NGF1
1608505399443743316,1608505399443099543,0,1,111291,T,A,0,2721000000,2,4,23513,76279,NGF1
1608505400563347511,1608505400561903409,0,1,111291,T,N,0,2722000000,1,4,26204,76325,NGF1
1608505400563347511,1608505400561903409,0,1,111293,T,B,0,2704000000,1,4,26204,76325,NGG1
1608505400563347511,1608505400561903409,0,1,111293,T,B,0,2703000000,1,132,26204,76325,NGG1
1608505400563347511,1608505400561903409,0,1,111294,T,N,0,2681000000,1,4,26204,76325,NGH1
1608505400563347511,1608505400561903409,0,1,4416,T,N,0,-4000000,1,4,26204,76325,NG:BF F1-G1-H1
1608505401501133091,1608505401500390499,0,1,111293,T,A,0,2703000000,1,4,17709,76475,NGG1
1608505407933817074,1608505407933141217,0,1,111291,T,A,0,2721000000,1,4,25447,76783,NGF1
1608505408570246537,1608505408569728747,0,1,111293,T,B,0,2702000000,1,4,25607,76802,NGG1
1608505417065899239,1608505417064857141,0,1,111291,T,B,0,2722000000,1,4,18189,77285,NGF1
1608505429928112311,1608505429927344389,0,1,111291,T,A,0,2722000000,1,4,19267,78489,NGF1
1608505433872693072,1608505433871947899,0,1,111291,T,A,0,2722000000,1,4,17930,78620,NGF1
1608505434462687280,1608505434460348145,0,1,111291,T,A,0,2721000000,6,4,32442,78697,NGF1
1608505434462687280,1608505434460348145,0,1,111291,T,A,0,2720000000,8,4,32442,78697,NGF1
1608505434462687280,1608505434460348145,0,1,111293,T,N,0,2703000000,2,4,32442,78697,NGG1
1608505434462687280,1608505434460348145,0,1,111293,T,N,0,2702000000,2,4,32442,78697,NGG1
1608505434462687280,1608505434460348145,0,1,15228,T,N,0,18000000,4,4,32442,78697,NGF1-NGG1
1608505434462687280,1608505434460348145,0,1,61593,T,N,0,7750000,1,4,32442,78697,NGF1-HHF1
1608505434468151326,1608505434467322967,0,1,215880,T,A,0,22000000,2,4,18384,78867,NGG1-NGH1
1608505434468913856,1608505434467373959,0,1,15228,T,A,0,18000000,1,4,18618,78887,NGF1-NGG1
1608505434469252004,1608505434467607245,0,1,41958,T,A,0,-27000000,1,4,19144,78893,NGU1-NGV1
1608505438533106910,1608505438525396019,0,1,61593,T,N,0,7750000,10,4,29110,79301,NGF1-HHF1
1608505438533106910,1608505438525396019,0,1,221075,T,A,0,-1000000,10,132,29110,79301,NG:HH F1-G1
1608505438533106910,1608505438525396019,0,1,61251,T,N,0,8750000,10,4,29110,79301,NGG1-HHG1
1608505438534199808,1608505438533244849,0,1,61251,T,B,0,8750000,13,4,20526,79307,NGG1-HHG1
1608505455818066588,1608505455816993297,0,1,282784,T,A,0,13000000,1,4,28576,79498,NGQ1-NGU1
1608505457507380011,1608505457506530777,0,1,111293,T,A,0,2702000000,1,4,19344,79510,NGG1
1608505458457743919,1608505458454689347,0,1,111296,T,N,0,2683000000,1,4,31232,79591,NGJ1
1608505458457743919,1608505458454689347,0,1,111311,T,B,0,2823000000,1,4,31232,79591,NGV1
1608505458457743919,1608505458454689347,0,1,41645,T,N,0,-140000000,1,4,31232,79591,NGJ1-NGV1
1608505458459031845,1608505458458173491,0,1,111311,T,N,0,2823000000,1,4,18202,79618,NGV1
1608505458459031845,1608505458458173491,0,1,111299,T,A,0,2735000000,1,132,18202,79618,NGM1
1608505458459031845,1608505458458173491,0,1,41782,T,N,0,-88000000,1,4,18202,79618,NGM1-NGV1
1608505458460065951,1608505458458604463,0,1,111311,T,N,0,2823000000,1,4,18989,79635,NGV1
1608505458460065951,1608505458458604463,0,1,111298,T,N,0,2690000000,1,4,18989,79635,NGK1
1608505458460065951,1608505458458604463,0,1,41756,T,B,0,-133000000,1,132,18989,79635,NGK1-NGV1
1608505458460341566,1608505458458611883,0,1,10725,T,A,0,-119000000,1,4,19994,79640,NGK1-NGQ1
1608505459936359633,1608505459935151383,0,1,24512,T,A,0,-4000000,2,4,18422,80451,NGH1-NGJ1
1608505460247910526,1608505460247134761,0,1,24512,T,A,0,-4000000,2,4,19462,80515,NGH1-NGJ1
1608505461181204571,1608505461180550329,0,1,111291,T,B,0,2720000000,1,4,44801,80538,NGF1
1608505461182227609,1608505461181314967,0,1,111291,T,B,0,2720000000,10,4,22677,80544,NGF1
1608505461183204360,1608505461182439939,0,1,111291,T,B,0,2720000000,5,4,18119,80568,NGF1
1608505461183965134,1608505461183360509,0,1,111291,T,B,0,2720000000,2,4,17232,80587,NGF1
1608505461186309230,1608505461185780831,0,1,111291,T,B,0,2720000000,1,4,18502,80589,NGF1
1608505461186918325,1608505461186398589,0,1,111291,T,B,0,2720000000,1,4,17368,80591,NGF1
1608505461355349863,1608505461352162153,0,1,111291,T,N,0,2720000000,37,4,29518,80624,NGF1
1608505461355349863,1608505461352162153,0,1,111293,T,B,0,2703000000,38,4,29518,80624,NGG1
1608505461355349863,1608505461352162153,0,1,15228,T,N,0,17000000,35,4,29518,80624,NGF1-NGG1
1608505461355349863,1608505461352162153,0,1,215880,T,N,0,21000000,1,4,29518,80624,NGG1-NGH1
1608505461355349863,1608505461352162153,0,1,4416,T,N,0,-4000000,2,4,29518,80624,NG:BF F1-G1-H1
1608505461355349863,1608505461352162153,0,1,111294,T,N,0,2682000000,1,4,29518,80624,NGH1
1608505461373570888,1608505461373069047,0,1,111293,T,A,0,2703000000,1,4,21942,80845,NGG1
1608505462153203900,1608505462152337327,0,1,15228,T,B,0,18000000,1,4,18653,81180,NGF1-NGG1
1608505462329504053,1608505462328812099,0,1,24512,T,A,0,-4000000,1,4,18206,81265,NGH1-NGJ1
1608505465120389660,1608505465117867515,0,1,24512,T,A,0,-4000000,2,4,20279,81295,NGH1-NGJ1
1608505465120389660,1608505465117867515,0,1,24512,T,A,0,-5000000,1,4,20279,81295,NGH1-NGJ1
1608505467486950807,1608505467485513635,0,1,24512,T,A,0,-4000000,3,4,23871,81375,NGH1-NGJ1
1608505467486950807,1608505467485513635,0,1,111294,T,N,0,2681000000,1,4,23871,81375,NGH1
1608505467486950807,1608505467485513635,0,1,111296,T,N,0,2685000000,1,4,23871,81375,NGJ1
1608505467776456570,1608505467775792345,0,1,24512,T,A,0,-4000000,2,4,23735,81430,NGH1-NGJ1
1608505470885546244,1608505470884852491,0,1,24512,T,A,0,-4000000,1,4,18387,81543,NGH1-NGJ1
1608505471182182272,1608505471181636869,0,1,24512,T,A,0,-4000000,2,4,18049,81565,NGH1-NGJ1
1608505471760849521,1608505471760255665,0,1,24512,T,A,0,-4000000,1,4,18371,81640,NGH1-NGJ1
1608505472311290919,1608505472310013585,0,1,24512,T,A,0,-4000000,2,4,24807,81660,NGH1-NGJ1
1608505472311290919,1608505472310013585,0,1,24512,T,A,0,-5000000,1,4,24807,81660,NGH1-NGJ1
1608505472857841215,1608505472856978387,0,1,24512,T,B,0,-4000000,3,4,18231,81687,NGH1-NGJ1
1608505473343173851,1608505473342542439,0,1,111291,T,A,0,2721000000,1,4,18111,81842,NGF1
1608505473895030074,1608505473894458569,0,1,111293,T,A,0,2704000000,1,4,18505,81943,NGG1
1608505473904989351,1608505473904347881,0,1,24512,T,B,0,-4000000,1,4,18274,81956,NGH1-NGJ1
1608505475280157858,1608505475279628537,0,1,24512,T,B,0,-4000000,3,4,19220,82008,NGH1-NGJ1
1608505475282390201,1608505475279638313,0,1,24512,T,B,0,-4000000,2,4,17908,82010,NGH1-NGJ1
1608505478342333077,1608505478341376513,0,1,24512,T,B,0,-4000000,3,4,18963,82080,NGH1-NGJ1
1608505481160570967,1608505481155281269,0,1,24512,T,B,0,-4000000,3,4,19081,82164,NGH1-NGJ1
1608505481870438774,1608505481869645215,0,1,111291,T,A,0,2721000000,1,4,18476,82234,NGF1
1608505482249497200,1608505482248784683,0,1,24512,T,B,0,-4000000,3,4,18662,82303,NGH1-NGJ1
1608505484349119473,1608505484348205879,0,1,24512,T,B,0,-4000000,2,4,18818,82377,NGH1-NGJ1
1608505484350096180,1608505484349292443,0,1,111291,T,A,0,2721000000,1,4,19181,82389,NGF1
1608505484350271739,1608505484349369965,0,1,111301,T,B,0,2794000000,1,4,22945,82393,NGN1
1608505484350632795,1608505484349402025,0,1,4416,T,A,0,-4000000,1,4,19126,82395,NG:BF F1-G1-H1
1608505484350919062,1608505484349409305,0,1,62831,T,A,0,-57000000,1,4,21241,82397,NGM1-NGN1
1608505484353687289,1608505484351439349,0,1,15228,T,A,0,17000000,1,4,18717,82443,NGF1-NGG1
1608505484357598218,1608505484356974497,0,1,62831,T,A,0,-57000000,1,4,18612,82471,NGM1-NGN1
1608505485263272777,1608505485262348369,0,1,24512,T,B,0,-4000000,3,4,18451,82540,NGH1-NGJ1
1608505485266156443,1608505485263845027,0,1,43150,T,B,0,38000000,7,4,18824,82599,NG:BF J1-K1-M1
1608505488729867182,1608505488727812745,0,1,4416,T,N,0,-4000000,1,4,20060,82760,NG:BF F1-G1-H1
1608505488729867182,1608505488727812745,0,1,111291,T,N,0,2721000000,1,4,20060,82760,NGF1
1608505488729867182,1608505488727812745,0,1,111293,T,B,0,2704000000,1,4,20060,82760,NGG1
1608505488729867182,1608505488727812745,0,1,215880,T,N,0,21000000,1,4,20060,82760,NGG1-NGH1
1608505488733743710,1608505488729945421,0,1,111291,T,B,0,2721000000,1,4,18109,82770,NGF1
1608505493133188171,1608505493132465787,0,1,111291,T,A,0,2720000000,1,4,22930,82965,NGF1
1608505493135706666,1608505493133198917,0,1,111293,T,A,0,2703000000,3,4,20271,82970,NGG1
1608505493137609530,1608505493136611045,0,1,111293,T,N,0,2703000000,2,4,19371,82991,NGG1
1608505493137609530,1608505493136611045,0,1,111291,T,A,0,2720000000,1,4,19371,82991,NGF1
1608505493137609530,1608505493136611045,0,1,4416,T,N,0,-4000000,1,4,19371,82991,NG:BF F1-G1-H1
1608505493137609530,1608505493136611045,0,1,111294,T,N,0,2682000000,1,4,19371,82991,NGH1
1608505496088063166,1608505496086253747,0,1,111291,T,A,0,2719000000,12,4,25077,83113,NGF1
1608505496088063166,1608505496086253747,0,1,111293,T,N,0,2703000000,10,4,25077,83113,NGG1
1608505496088063166,1608505496086253747,0,1,15228,T,N,0,16000000,10,4,25077,83113,NGF1-NGG1
1608505496094012710,1608505496092566013,0,1,15228,T,B,0,17000000,14,4,19961,83220,NGF1-NGG1
1608505496094012710,1608505496092566013,0,1,111293,T,N,0,2703000000,2,4,19961,83220,NGG1
1608505496094012710,1608505496092566013,0,1,111291,T,N,0,2720000000,2,4,19961,83220,NGF1
1608505501167485377,1608505501166281141,0,1,111291,T,B,0,2720000000,1,4,24464,83466,NGF1
1608505504060132556,1608505504058902249,0,1,111291,T,B,0,2721000000,9,4,24244,83520,NGF1
1608505510241547410,1608505510240031279,0,1,111293,T,A,0,2703000000,1,4,19059,83584,NGG1
1608505510751083824,1608505510750631787,0,1,111293,T,A,0,2703000000,1,4,18089,83593,NGG1
1608505511397899134,1608505511396416477,0,1,111291,T,B,0,2720000000,1,4,18579,83617,NGF1
1608505511399445367,1608505511398020751,0,1,111291,T,B,0,2720000000,1,4,18724,83630,NGF1
1608505511661057752,1608505511660559245,0,1,111293,T,A,0,2703000000,1,4,21298,83641,NGG1
1608505516105987856,1608505516104687213,0,1,111293,T,N,0,2703000000,4,4,19566,83711,NGG1
1608505516105987856,1608505516104687213,0,1,111294,T,A,0,2681000000,4,132,19566,83711,NGH1
1608505516105987856,1608505516104687213,0,1,215880,T,N,0,22000000,4,4,19566,83711,NGG1-NGH1
1608505516106281940,1608505516104694575,0,1,215880,T,N,0,22000000,2,4,18403,83713,NGG1-NGH1
1608505516106281940,1608505516104694575,0,1,111294,T,A,0,2681000000,2,132,18403,83713,NGH1
1608505516106281940,1608505516104694575,0,1,111293,T,N,0,2703000000,2,4,18403,83713,NGG1
1608505516106603527,1608505516104698837,0,1,111291,T,A,0,2720000000,1,4,18437,83717,NGF1
1608505516107205346,1608505516106298373,0,1,111293,T,A,0,2703000000,1,4,16977,83738,NGG1
1608505516141509405,1608505516140862033,0,1,215880,T,A,0,22000000,1,4,18703,83860,NGG1-NGH1
1608505539214731063,1608505539212943875,0,1,204979,T,B,0,-6000000,60,4,21888,84289,NGJ1-NGK1
1608505544580380228,1608505544578310825,0,1,111293,T,N,0,2703000000,2,4,19944,84975,NGG1
1608505544580380228,1608505544578310825,0,1,111291,T,A,0,2720000000,2,132,19944,84975,NGF1
1608505544580380228,1608505544578310825,0,1,15228,T,N,0,17000000,2,4,19944,84975,NGF1-NGG1
1608505544582039741,1608505544580402269,0,1,111293,T,A,0,2703000000,2,4,20508,84978,NGG1
1608505544582375033,1608505544580467269,0,1,111293,T,A,0,2703000000,1,4,26329,84980,NGG1
1608505544588395917,1608505544582392387,0,1,15228,T,A,0,17000000,5,4,2104999,84985,NGF1-NGG1
1608505548565513139,1608505548564287237,0,1,111293,T,A,0,2703000000,2,4,18973,85169,NGG1
1608505548566428522,1608505548565599777,0,1,111291,T,B,0,2720000000,1,4,19190,85201,NGF1
1608505548566925749,1608505548566501185,0,1,111291,T,B,0,2720000000,1,4,18703,85208,NGF1
1608505548921440498,1608505548921023115,0,1,111291,T,B,0,2720000000,1,4,18407,85261,NGF1
1608505550036926332,1608505550036351763,0,1,111293,T,A,0,2703000000,3,4,18732,85374,NGG1
1608505550037663919,1608505550036496743,0,1,15228,T,A,0,17000000,2,4,20278,85381,NGF1-NGG1
1608505550037824983,1608505550036943927,0,1,15228,T,A,0,17000000,4,4,17596,85391,NGF1-NGG1
1608505550039133796,1608505550037714087,0,1,15228,T,A,0,17000000,2,4,18825,85412,NGF1-NGG1
1608505550039450716,1608505550037833639,0,1,15228,T,A,0,17000000,12,4,23206,85413,NGF1-NGG1
1608505559965412099,1608505559963855005,0,1,111311,T,N,0,2825000000,1,4,18990,85603,NGV1
1608505559965412099,1608505559963855005,0,1,58304,T,N,0,9500000,1,4,18990,85603,NGV1-HHV1
1608505560002672569,1608505560001859479,0,1,15228,T,A,0,17000000,1,4,18257,85631,NGF1-NGG1
1608505560003688483,1608505560002914317,0,1,111301,T,N,0,2794000000,1,4,18913,85643,NGN1
1608505560003688483,1608505560002914317,0,1,111298,T,B,0,2692000000,1,132,18913,85643,NGK1
1608505560003688483,1608505560002914317,0,1,62811,T,N,0,-102000000,1,4,18913,85643,NGK1-NGN1
1608505561841832892,1608505561840819701,0,1,43150,T,B,0,40000000,2,4,18321,85841,NG:BF J1-K1-M1
1608505562896871860,1608505562896391831,0,1,111291,T,A,0,2720000000,1,4,19005,85949,NGF1
1608505562944581879,1608505562944143027,0,1,111291,T,B,0,2720000000,1,4,18112,85957,NGF1
1608505562946017544,1608505562944864399,0,1,111291,T,B,0,2720000000,1,4,18602,85973,NGF1
1608505564728224166,1608505564726341911,0,1,24512,T,B,0,-5000000,2,4,18438,86012,NGH1-NGJ1
1608505566708096424,1608505566707023195,0,1,111293,T,A,0,2703000000,4,4,18750,86061,NGG1
1608505567807330669,1608505567806549981,0,1,15228,T,A,0,17000000,1,4,18782,86089,NGF1-NGG1
1608505568177981637,1608505568177371435,0,1,111291,T,B,0,2721000000,2,4,27291,86104,NGF1
1608505585193017526,1608505585192095057,0,1,204979,T,A,0,-6000000,2,4,24158,86243,NGJ1-NGK1
1608505588592954819,1608505588591876193,0,1,204979,T,A,0,-6000000,2,4,21704,86284,NGJ1-NGK1
1608505589146591088,1608505589145948961,0,1,111291,T,B,0,2720000000,2,4,18427,86325,NGF1
1608505596686749392,1608505596685948573,0,1,111291,T,A,0,2720000000,1,4,25275,86416,NGF1
1608505596777341424,1608505596776323773,0,1,111293,T,N,0,2703000000,1,4,19260,86422,NGG1
1608505596777341424,1608505596776323773,0,1,215880,T,N,0,22000000,1,4,19260,86422,NGG1-NGH1
1608505596777341424,1608505596776323773,0,1,111294,T,A,0,2681000000,1,132,19260,86422,NGH1
1608505601796739280,1608505601793637171,0,1,111298,T,N,0,2693000000,1,4,22029,86444,NGK1
1608505601796739280,1608505601793637171,0,1,111311,T,B,0,2827000000,1,4,22029,86444,NGV1
1608505601796739280,1608505601793637171,0,1,111311,T,B,0,2828000000,2,4,22029,86444,NGV1
1608505601796739280,1608505601793637171,0,1,111296,T,N,0,2688000000,1,4,22029,86444,NGJ1
1608505601796739280,1608505601793637171,0,1,41756,T,N,0,-134000000,1,4,22029,86444,NGK1-NGV1
1608505601796739280,1608505601793637171,0,1,41782,T,N,0,-89000000,1,4,22029,86444,NGM1-NGV1
1608505601796739280,1608505601793637171,0,1,111299,T,N,0,2739000000,1,4,22029,86444,NGM1
1608505601796739280,1608505601793637171,0,1,41645,T,N,0,-140000000,1,4,22029,86444,NGJ1-NGV1
1608505601801160496,1608505601796784953,0,1,41645,T,N,0,-140000000,1,4,18354,86468,NGJ1-NGV1
1608505601801160496,1608505601796784953,0,1,111296,T,A,0,2688000000,1,132,18354,86468,NGJ1
1608505601801160496,1608505601796784953,0,1,111311,T,N,0,2828000000,1,4,18354,86468,NGV1
1608505601804316906,1608505601797600091,0,1,111293,T,B,0,2704000000,1,4,17059,86559,NGG1
1608505601804463702,1608505601797608427,0,1,111311,T,A,0,2828000000,1,4,18239,86561,NGV1
1608505601804619310,1608505601797613629,0,1,24463,T,A,0,16000000,1,4,19193,86565,NGG1-NGJ1
1608505601809288761,1608505601806814461,0,1,111311,T,N,0,2828000000,1,4,21420,86681,NGV1
1608505601809288761,1608505601806814461,0,1,111299,T,A,0,2739000000,1,132,21420,86681,NGM1
1608505601809288761,1608505601806814461,0,1,41782,T,N,0,-89000000,1,4,21420,86681,NGM1-NGV1
1608505601811250085,1608505601809925869,0,1,204979,T,A,0,-6000000,4,4,17822,86761,NGJ1-NGK1
1608505601822729324,1608505601822151915,0,1,204979,T,A,0,-6000000,4,4,19027,86966,NGJ1-NGK1
1608505601843617938,1608505601843032471,0,1,282762,T,B,0,-107000000,1,4,18630,87207,NGK1-NGU1
1608505601844801867,1608505601844259195,0,1,10725,T,B,0,-120000000,1,4,18914,87212,NGK1-NGQ1
1608505606382984516,1608505606381974689,0,1,282762,T,B,0,-107000000,1,4,19486,87674,NGK1-NGU1
1608505610501274510,1608505610500382469,0,1,111293,T,B,0,2704000000,1,4,24527,87691,NGG1
1608505610502433560,1608505610501284457,0,1,111293,T,B,0,2704000000,1,4,18184,87695,NGG1
1608505622807578376,1608505622806630775,0,1,111294,T,A,0,2681000000,1,4,23726,87975,NGH1
1608505624139673975,1608505624138065659,0,1,111293,T,B,0,2705000000,7,4,20015,88014,NGG1
1608505624139673975,1608505624138065659,0,1,111291,T,N,0,2721000000,4,4,20015,88014,NGF1
1608505624139673975,1608505624138065659,0,1,15228,T,N,0,16000000,4,4,20015,88014,NGF1-NGG1
1608505624140908720,1608505624139708601,0,1,111294,T,B,0,2683000000,1,4,19145,88051,NGH1
1608505624141667795,1608505624140474669,0,1,111291,T,B,0,2721000000,1,4,22862,88074,NGF1
1608505624144214034,1608505624143508695,0,1,15228,T,B,0,17000000,7,4,19031,88142,NGF1-NGG1
1608505624144770685,1608505624144378447,0,1,111293,T,B,0,2705000000,1,4,17690,88164,NGG1
1608505624149502784,1608505624148934581,0,1,15052,T,A,0,-17000000,1,4,18602,88182,NGN1-NGQ1
1608505624152828778,1608505624152181059,0,1,10725,T,B,0,-120000000,2,4,18953,88238,NGK1-NGQ1
1608505624153654941,1608505624152266137,0,1,282762,T,B,0,-107000000,1,4,18511,88240,NGK1-NGU1
1608505624176608994,1608505624176051743,0,1,15052,T,B,0,-17000000,7,4,19796,88301,NGN1-NGQ1
1608505624189285147,1608505624188826687,0,1,111293,T,B,0,2705000000,1,4,17942,88424,NGG1
1608505624189566482,1608505624188883349,0,1,10725,T,B,0,-120000000,1,4,18984,88428,NGK1-NGQ1
1608505624223801207,1608505624223242357,0,1,15052,T,B,0,-17000000,8,4,18609,88553,NGN1-NGQ1
1608505625499543360,1608505625498709701,0,1,111293,T,A,0,2705000000,1,4,18499,89154,NGG1
1608505638809813755,1608505638808673025,0,1,282784,T,A,0,13000000,1,4,21851,89712,NGQ1-NGU1
1608505653018536875,1608505653017549455,0,1,111293,T,A,0,2705000000,1,4,18652,90269,NGG1
1608505662814583471,1608505662813721641,0,1,111291,T,A,0,2721000000,2,4,24147,90326,NGF1
1608505680009942844,1608505680008580453,0,1,111293,T,A,0,2705000000,1,4,18602,90500,NGG1
1608505684675428031,1608505684673481539,0,1,111293,T,N,0,2705000000,1,4,19287,90533,NGG1
1608505684675428031,1608505684673481539,0,1,111291,T,N,0,2722000000,1,4,19287,90533,NGF1
1608505684675428031,1608505684673481539,0,1,15228,T,A,0,17000000,1,132,19287,90533,NGF1-NGG1
1608505685674411142,1608505685673483505,0,1,15228,T,A,0,17000000,1,4,24248,90644,NGF1-NGG1
1608505692549921985,1608505692547184333,0,1,111291,T,A,0,2722000000,3,4,23301,90830,NGF1
1608505692549921985,1608505692547184333,0,1,111291,T,A,0,2721000000,2,4,23301,90830,NGF1
1608505692549921985,1608505692547184333,0,1,111291,T,A,0,2720000000,3,4,23301,90830,NGF1
1608505692549921985,1608505692547184333,0,1,111294,T,N,0,2683000000,1,4,23301,90830,NGH1
1608505692549921985,1608505692547184333,0,1,215879,T,N,0,38000000,1,4,23301,90830,NGF1-NGH1
1608505692551174639,1608505692547233961,0,1,111291,T,A,0,2720000000,2,4,18879,90836,NGF1
1608505692552321657,1608505692548431233,0,1,111291,T,A,0,2720000000,1,132,23457,90869,NGF1
1608505692552321657,1608505692548431233,0,1,15228,T,N,0,16000000,1,4,23457,90869,NGF1-NGG1
1608505692552321657,1608505692548431233,0,1,111293,T,N,0,2704000000,1,4,23457,90869,NGG1
1608505692556306462,1608505692554270827,0,1,24512,T,A,0,-6000000,1,4,21145,90997,NGH1-NGJ1
1608505692556321426,1608505692554279745,0,1,111294,T,A,0,2681000000,1,4,17552,90998,NGH1
1608505692556474153,1608505692554283291,0,1,111293,T,A,0,2703000000,4,4,18553,91002,NGG1
1608505692556573153,1608505692554286979,0,1,111293,T,A,0,2703000000,2,4,17215,91004,NGG1
1608505692557894515,1608505692555386543,0,1,215879,T,A,0,38000000,4,4,17791,91074,NGF1-NGH1
1608505692561206585,1608505692560668305,0,1,111291,T,A,0,2719000000,2,4,18343,91191,NGF1
1608505692561955984,1608505692561335505,0,1,111291,T,A,0,2719000000,1,4,18144,91226,NGF1
1608505692564193856,1608505692562345713,0,1,111291,T,A,0,2719000000,2,132,19136,91265,NGF1
1608505692564193856,1608505692562345713,0,1,111293,T,N,0,2703000000,2,4,19136,91265,NGG1
1608505692564193856,1608505692562345713,0,1,15228,T,N,0,16000000,2,4,19136,91265,NGF1-NGG1
1608505692565517625,1608505692564203539,0,1,111293,T,A,0,2703000000,1,4,19139,91270,NGG1
1608505692565724337,1608505692564205467,0,1,111293,T,A,0,2703000000,1,4,21601,91273,NGG1
1608505692566135260,1608505692564233995,0,1,111293,T,N,0,2703000000,1,4,25105,91274,NGG1
1608505692566135260,1608505692564233995,0,1,15228,T,N,0,16000000,1,4,25105,91274,NGF1-NGG1
1608505692566135260,1608505692564233995,0,1,111291,T,A,0,2719000000,1,132,25105,91274,NGF1
1608505692570431280,1608505692569922843,0,1,204979,T,A,0,-6000000,4,4,19051,91360,NGJ1-NGK1
1608505692596616117,1608505692595988915,0,1,111291,T,A,0,2719000000,1,132,18974,91428,NGF1
1608505692596616117,1608505692595988915,0,1,15228,T,N,0,16000000,1,4,18974,91428,NGF1-NGG1
1608505692596616117,1608505692595988915,0,1,111293,T,N,0,2703000000,1,4,18974,91428,NGG1
1608505692596793456,1608505692595995947,0,1,111293,T,A,0,2703000000,2,4,17713,91432,NGG1
1608505692632635015,1608505692632021129,0,1,111293,T,N,0,2703000000,1,4,19177,91445,NGG1
1608505692632635015,1608505692632021129,0,1,15228,T,N,0,16000000,1,4,19177,91445,NGF1-NGG1
1608505692632635015,1608505692632021129,0,1,111291,T,A,0,2719000000,1,132,19177,91445,NGF1
1608505692632805463,1608505692632025457,0,1,111293,T,A,0,2703000000,2,4,17586,91449,NGG1
1608505692633028299,1608505692632033735,0,1,111293,T,A,0,2703000000,3,4,17877,91451,NGG1
1608505692664475614,1608505692664081611,0,1,111293,T,A,0,2703000000,2,4,18751,91463,NGG1
1608505692664635557,1608505692664084427,0,1,111293,T,A,0,2703000000,3,4,17698,91465,NGG1
1608505692665474924,1608505692665124699,0,1,111293,T,A,0,2703000000,1,4,18633,91470,NGG1
1608505692685622859,1608505692685183555,0,1,111293,T,A,0,2702000000,3,4,18634,91502,NGG1
1608505693328246294,1608505693327179573,0,1,111291,T,A,0,2717000000,1,4,18722,91960,NGF1
1608505693328262114,1608505693327179573,0,1,111291,T,A,0,2717000000,1,4,19413,91961,NGF1
1608505693328262114,1608505693327179573,0,1,111291,T,A,0,2717000000,1,4,19413,91961,NGF1
1608505693329108268,1608505693328602881,0,1,111294,T,A,0,2680000000,2,4,23020,91978,NGH1
1608505697016310255,1608505697015487685,0,1,111291,T,B,0,2718000000,1,4,17960,92179,NGF1
1608505697034657334,1608505697034231045,0,1,111291,T,A,0,2718000000,1,4,19028,92241,NGF1
1608505699397884366,1608505699397034549,0,1,111293,T,B,0,2702000000,2,4,18372,92364,NGG1
1608505699398381382,1608505699397894591,0,1,111291,T,B,0,2719000000,1,4,18742,92375,NGF1
1608505699399023380,1608505699398071199,0,1,111291,T,B,0,2719000000,1,4,16924,92387,NGF1
1608505699399983427,1608505699398399167,0,1,111291,T,B,0,2719000000,1,4,18075,92433,NGF1
1608505699403964279,1608505699403260865,0,1,15228,T,B,0,17000000,1,4,19070,92526,NGF1-NGG1
1608505706097618357,1608505706096962721,0,1,111291,T,B,0,2721000000,1,4,27546,92897,NGF1
1608505706344848201,1608505706344435715,0,1,111291,T,B,0,2721000000,1,4,18119,93020,NGF1
1608505713306676317,1608505713305641145,0,1,111293,T,B,0,2705000000,2,4,24006,93365,NGG1
1608505713308377310,1608505713306950479,0,1,111293,T,A,0,2705000000,1,4,19662,93379,NGG1
1608505713308583410,1608505713306952975,0,1,111293,T,A,0,2705000000,1,4,25514,93380,NGG1
1608505713323327483,1608505713322892577,0,1,111293,T,A,0,2705000000,1,4,17922,93549,NGG1
1608505719011215538,1608505719010418699,0,1,111293,T,B,0,2706000000,1,4,31472,93931,NGG1
1608505728806500549,1608505728805572957,0,1,111291,T,B,0,2723000000,1,4,22100,94199,NGF1
1608505729323384020,1608505729321955339,0,1,111291,T,A,0,2722000000,9,4,25270,94249,NGF1
1608505729323384020,1608505729321955339,0,1,111293,T,N,0,2705000000,7,4,25270,94249,NGG1
1608505729323384020,1608505729321955339,0,1,15228,T,N,0,17000000,7,4,25270,94249,NGF1-NGG1
1608505729324488954,1608505729323406943,0,1,15228,T,A,0,17000000,6,4,21323,94264,NGF1-NGG1
1608505729325504537,1608505729323607333,0,1,111293,T,A,0,2705000000,1,4,24685,94289,NGG1
1608505729325512025,1608505729323614099,0,1,111293,T,A,0,2705000000,1,4,18915,94290,NGG1
1608505729326155775,1608505729324855403,0,1,111293,T,A,0,2705000000,1,4,23317,94315,NGG1
1608505729326315107,1608505729325530819,0,1,111293,T,A,0,2705000000,1,4,21532,94327,NGG1
1608505729330485172,1608505729329588025,0,1,111293,T,N,0,2705000000,1,4,19405,94421,NGG1
1608505729330485172,1608505729329588025,0,1,15228,T,B,0,17000000,2,4,19405,94421,NGF1-NGG1
1608505729330485172,1608505729329588025,0,1,111291,T,N,0,2722000000,1,4,19405,94421,NGF1
1608505730324200124,1608505730323609211,0,1,111293,T,A,0,2705000000,1,4,19213,94646,NGG1
1608505731324196147,1608505731323610767,0,1,111293,T,A,0,2705000000,1,4,24421,94724,NGG1
1608505732324183356,1608505732323612853,0,1,111293,T,A,0,2705000000,1,4,32107,94738,NGG1
1608505733057911155,1608505733055178389,0,1,111293,T,N,0,2705000000,5,4,27944,94754,NGG1
1608505733057911155,1608505733055178389,0,1,111291,T,A,0,2722000000,2,4,27944,94754,NGF1
1608505733057911155,1608505733055178389,0,1,111291,T,A,0,2721000000,6,4,27944,94754,NGF1
1608505733057911155,1608505733055178389,0,1,15228,T,N,0,16000000,5,4,27944,94754,NGF1-NGG1
1608505733058108722,1608505733055199921,0,1,15228,T,N,0,16000000,1,4,22623,94759,NGF1-NGG1
1608505733058108722,1608505733055199921,0,1,111291,T,A,0,2721000000,1,132,22623,94759,NGF1
1608505733058108722,1608505733055199921,0,1,111293,T,N,0,2705000000,1,4,22623,94759,NGG1
1608505733059274112,1608505733055201367,0,1,111293,T,N,0,2705000000,3,4,24249,94760,NGG1
1608505733059274112,1608505733055201367,0,1,111291,T,A,0,2721000000,3,132,24249,94760,NGF1
1608505733059274112,1608505733055201367,0,1,15228,T,N,0,16000000,3,4,24249,94760,NGF1-NGG1
1608505733060370266,1608505733055202029,0,1,111293,T,A,0,2705000000,1,4,18717,94762,NGG1
1608505733061623844,1608505733057922139,0,1,111293,T,A,0,2705000000,1,4,26541,94779,NGG1
1608505733062810546,1608505733060438239,0,1,111293,T,N,0,2705000000,8,4,19970,94786,NGG1
1608505733062810546,1608505733060438239,0,1,15228,T,N,0,16000000,8,4,19970,94786,NGF1-NGG1
1608505733062810546,1608505733060438239,0,1,111291,T,A,0,2721000000,8,132,19970,94786,NGF1
1608505733063535029,1608505733062990115,0,1,111293,T,A,0,2705000000,1,4,21218,94808,NGG1
1608505733064330775,1608505733063778065,0,1,15228,T,A,0,16000000,2,4,18717,94825,NGF1-NGG1
1608505733065220894,1608505733064123169,0,1,15228,T,N,0,16000000,5,4,19338,94833,NGF1-NGG1
1608505733065220894,1608505733064123169,0,1,111293,T,N,0,2705000000,5,4,19338,94833,NGG1
1608505733065220894,1608505733064123169,0,1,111291,T,A,0,2721000000,6,4,19338,94833,NGF1
1608505733067454874,1608505733066280595,0,1,111291,T,A,0,2721000000,6,4,19300,94877,NGF1
1608505733067454874,1608505733066280595,0,1,111293,T,N,0,2705000000,5,4,19300,94877,NGG1
1608505733067454874,1608505733066280595,0,1,15228,T,N,0,16000000,5,4,19300,94877,NGF1-NGG1
1608505733069023951,1608505733068661571,0,1,111291,T,A,0,2720000000,2,4,18870,94893,NGF1
1608505733086023232,1608505733085641771,0,1,111293,T,A,0,2705000000,1,4,17637,94922,NGG1
1608505733099709856,1608505733098692857,0,1,111293,T,N,0,2705000000,1,4,19193,94935,NGG1
1608505733099709856,1608505733098692857,0,1,111294,T,A,0,2683000000,1,132,19193,94935,NGH1
1608505733099709856,1608505733098692857,0,1,215880,T,N,0,22000000,1,4,19193,94935,NGG1-NGH1
1608505733099737156,1608505733098698773,0,1,111293,T,A,0,2705000000,1,4,22337,94936,NGG1
1608505733099737156,1608505733098702647,0,1,111293,T,A,0,2705000000,1,4,22337,94936,NGG1
1608505733099869924,1608505733098706723,0,1,111291,T,A,0,2720000000,1,4,18522,94937,NGF1
1608505733100919442,1608505733098711037,0,1,111291,T,A,0,2720000000,2,132,19724,94941,NGF1
1608505733100919442,1608505733098711037,0,1,111293,T,N,0,2705000000,2,4,19724,94941,NGG1
1608505733100919442,1608505733098711037,0,1,215880,T,N,0,21000000,1,4,19724,94941,NGG1-NGH1
1608505733100919442,1608505733098711037,0,1,15228,T,N,0,15000000,1,4,19724,94941,NGF1-NGG1
1608505733100919442,1608505733098711037,0,1,4416,T,N,0,-6000000,1,4,19724,94941,NG:BF F1-G1-H1
1608505733101086806,1608505733098888591,0,1,61593,T,B,0,8250000,2,4,18232,94943,NGF1-HHF1
1608505733112463213,1608505733111887477,0,1,61593,T,B,0,8250000,2,4,18714,94980,NGF1-HHF1
1608505733112642989,1608505733111929893,0,1,61593,T,B,0,8250000,4,4,18392,94984,NGF1-HHF1
1608505733137383773,1608505733136961341,0,1,111293,T,A,0,2705000000,1,4,18517,95006,NGG1
1608505733137528869,1608505733136966995,0,1,111293,T,A,0,2705000000,1,4,17696,95008,NGG1
1608505733137703584,1608505733136970795,0,1,111291,T,A,0,2720000000,2,4,18291,95010,NGF1
1608505733138403091,1608505733136974209,0,1,111291,T,A,0,2720000000,2,132,19837,95014,NGF1
1608505733138403091,1608505733136974209,0,1,111293,T,N,0,2705000000,3,4,19837,95014,NGG1
1608505733138403091,1608505733136974209,0,1,4416,T,N,0,-6000000,1,4,19837,95014,NG:BF F1-G1-H1
1608505733138403091,1608505733136974209,0,1,15228,T,N,0,15000000,1,4,19837,95014,NGF1-NGG1
1608505733138403091,1608505733136974209,0,1,111294,T,N,0,2684000000,1,4,19837,95014,NGH1
1608505733139407645,1608505733137393617,0,1,111293,T,A,0,2705000000,1,4,21382,95016,NGG1
1608505733139827917,1608505733137720801,0,1,111293,T,N,0,2705000000,1,4,25239,95017,NGG1
1608505733139827917,1608505733137720801,0,1,111294,T,A,0,2683000000,1,132,25239,95017,NGH1
1608505733139827917,1608505733137720801,0,1,215880,T,N,0,22000000,1,4,25239,95017,NGG1-NGH1
1608505733164270349,1608505733163867957,0,1,111293,T,A,0,2705000000,1,4,17740,95039,NGG1
1608505733164644784,1608505733164278827,0,1,111293,T,A,0,2705000000,1,4,17677,95044,NGG1
1608505733165512323,1608505733165150241,0,1,111293,T,A,0,2705000000,1,4,18292,95055,NGG1
1608505733170380154,1608505733169815027,0,1,111293,T,N,0,2705000000,1,4,21028,95068,NGG1
1608505733170380154,1608505733169815027,0,1,215880,T,N,0,22000000,1,4,21028,95068,NGG1-NGH1
1608505733170380154,1608505733169815027,0,1,111294,T,A,0,2683000000,1,132,21028,95068,NGH1
1608505733171239916,1608505733169892311,0,1,215880,T,N,0,21000000,1,4,20240,95075,NGG1-NGH1
1608505733171239916,1608505733169892311,0,1,111293,T,N,0,2705000000,2,4,20240,95075,NGG1
1608505733171239916,1608505733169892311,0,1,15228,T,N,0,15000000,1,4,20240,95075,NGF1-NGG1
1608505733171239916,1608505733169892311,0,1,4416,T,N,0,-6000000,1,4,20240,95075,NG:BF F1-G1-H1
1608505733171239916,1608505733169892311,0,1,111291,T,A,0,2720000000,2,132,20240,95075,NGF1
1608505733210209183,1608505733209412277,0,1,111293,T,N,0,2705000000,1,4,18896,95096,NGG1
1608505733210209183,1608505733209412277,0,1,215880,T,N,0,22000000,1,4,18896,95096,NGG1-NGH1
1608505733210209183,1608505733209412277,0,1,111294,T,A,0,2683000000,1,132,18896,95096,NGH1
1608505733210257903,1608505733209418579,0,1,111293,T,A,0,2705000000,1,4,21954,95097,NGG1
1608505733210346079,1608505733209422321,0,1,111293,T,A,0,2705000000,1,4,17987,95098,NGG1
1608505733210503858,1608505733209425337,0,1,111291,T,A,0,2720000000,2,4,18318,95100,NGF1
1608505733211302373,1608505733209428691,0,1,111291,T,A,0,2720000000,2,132,19118,95104,NGF1
1608505733211302373,1608505733209428691,0,1,111293,T,N,0,2705000000,2,4,19118,95104,NGG1
1608505733211302373,1608505733209428691,0,1,215880,T,N,0,21000000,1,4,19118,95104,NGG1-NGH1
1608505733211302373,1608505733209428691,0,1,4416,T,N,0,-6000000,1,4,19118,95104,NG:BF F1-G1-H1
1608505733211302373,1608505733209428691,0,1,15228,T,N,0,15000000,1,4,19118,95104,NGF1-NGG1
1608505733211563817,1608505733209494345,0,1,215879,T,A,0,37000000,4,4,18859,95107,NGF1-NGH1
1608505733211824260,1608505733210583859,0,1,15228,T,B,0,16000000,1,4,20268,95112,NGF1-NGG1
1608505733213910340,1608505733212941461,0,1,215880,T,A,0,21000000,17,4,19444,95138,NGG1-NGH1
1608505733246860225,1608505733246229343,0,1,15228,T,N,0,15000000,1,4,19721,95177,NGF1-NGG1
1608505733246860225,1608505733246229343,0,1,111293,T,N,0,2705000000,1,4,19721,95177,NGG1
1608505733246860225,1608505733246229343,0,1,111291,T,A,0,2720000000,1,132,19721,95177,NGF1
1608505733246953333,1608505733246234857,0,1,111293,T,A,0,2705000000,1,4,17618,95179,NGG1
1608505733247138745,1608505733246238471,0,1,111293,T,A,0,2705000000,1,4,18423,95181,NGG1
1608505733247538924,1608505733247170925,0,1,111293,T,A,0,2705000000,1,4,17743,95186,NGG1
1608505733278834076,1608505733278466969,0,1,111293,T,A,0,2705000000,1,4,18669,95195,NGG1
1608505733279023796,1608505733278473735,0,1,111293,T,A,0,2705000000,1,4,17528,95197,NGG1
1608505733279275532,1608505733278870829,0,1,111293,T,A,0,2705000000,1,4,18110,95199,NGG1
1608505733304178631,1608505733303804979,0,1,111293,T,A,0,2705000000,1,4,19026,95207,NGG1
1608505733304360487,1608505733303810879,0,1,111293,T,A,0,2705000000,1,4,17737,95209,NGG1
1608505733305013382,1608505733303814427,0,1,111293,T,N,0,2705000000,2,4,18298,95211,NGG1
1608505733305013382,1608505733303814427,0,1,111291,T,A,0,2720000000,2,132,18298,95211,NGF1
1608505733305013382,1608505733303814427,0,1,15228,T,N,0,15000000,2,4,18298,95211,NGF1-NGG1
1608505733305396361,1608505733303882711,0,1,215879,T,A,0,36000000,3,4,19158,95213,NGF1-NGH1
1608505733336541069,1608505733336091905,0,1,111293,T,A,0,2705000000,1,4,18266,95248,NGG1
1608505733337121280,1608505733336181335,0,1,111293,T,N,0,2705000000,2,4,19180,95251,NGG1
1608505733337121280,1608505733336181335,0,1,15228,T,N,0,15000000,2,4,19180,95251,NGF1-NGG1
1608505733337121280,1608505733336181335,0,1,111291,T,A,0,2720000000,2,132,19180,95251,NGF1
1608505733346982123,1608505733346576065,0,1,111293,T,A,0,2705000000,1,4,18081,95258,NGG1
1608505733374436978,1608505733374017403,0,1,111293,T,A,0,2705000000,1,4,18933,95265,NGG1
1608505733374818173,1608505733374025143,0,1,111293,T,N,0,2705000000,1,4,18207,95267,NGG1
1608505733374818173,1608505733374025143,0,1,111291,T,A,0,2720000000,1,132,18207,95267,NGF1
1608505733374818173,1608505733374025143,0,1,15228,T,N,0,15000000,1,4,18207,95267,NGF1-NGG1
1608505733383650505,1608505733383175097,0,1,111293,T,A,0,2705000000,1,4,18054,95271,NGG1
1608505733384142397,1608505733383344427,0,1,61593,T,B,0,8500000,24,4,19434,95273,NGF1-HHF1
1608505733384221784,1608505733383686565,0,1,111293,T,A,0,2705000000,1,4,19164,95276,NGG1
1608505733409294204,1608505733408910319,0,1,111293,T,A,0,2705000000,1,4,18033,95286,NGG1
1608505733409456315,1608505733408915445,0,1,111293,T,A,0,2705000000,1,4,18606,95288,NGG1
1608505733409843215,1608505733409013339,0,1,111293,T,N,0,2705000000,1,4,18875,95290,NGG1
1608505733409843215,1608505733409013339,0,1,15228,T,N,0,15000000,1,4,18875,95290,NGF1-NGG1
1608505733409843215,1608505733409013339,0,1,111291,T,A,0,2720000000,1,132,18875,95290,NGF1
1608505733434715642,1608505733434334599,0,1,111293,T,A,0,2705000000,1,4,18911,95302,NGG1
1608505733434878606,1608505733434337817,0,1,111293,T,A,0,2705000000,1,4,17797,95304,NGG1
1608505733436047764,1608505733435484127,0,1,15228,T,B,0,16000000,1,4,18522,95309,NGF1-NGG1
1608505733472568807,1608505733472134747,0,1,111293,T,A,0,2705000000,1,4,18495,95325,NGG1
1608505733473079290,1608505733472245187,0,1,111293,T,N,0,2705000000,2,4,19214,95327,NGG1
1608505733473079290,1608505733472245187,0,1,15228,T,N,0,15000000,2,4,19214,95327,NGF1-NGG1
1608505733473079290,1608505733472245187,0,1,111291,T,A,0,2720000000,2,132,19214,95327,NGF1
1608505733478858036,1608505733478455081,0,1,111293,T,A,0,2705000000,1,4,17997,95343,NGG1
1608505733479414606,1608505733478458167,0,1,111293,T,A,0,2704000000,1,4,19071,95347,NGG1
1608505733504578874,1608505733504196867,0,1,111291,T,A,0,2719000000,1,4,18357,95372,NGF1
1608505733528371107,1608505733527740471,0,1,111291,T,A,0,2719000000,1,132,19234,95489,NGF1
1608505733528371107,1608505733527740471,0,1,111293,T,N,0,2703000000,1,4,19234,95489,NGG1
1608505733528371107,1608505733527740471,0,1,15228,T,N,0,16000000,1,4,19234,95489,NGF1-NGG1
1608505733528637675,1608505733527749791,0,1,15228,T,A,0,16000000,4,4,18309,95494,NGF1-NGG1
1608505733530292692,1608505733529814907,0,1,15228,T,A,0,16000000,4,4,18198,95524,NGF1-NGG1
1608505733530866995,1608505733530301147,0,1,15228,T,A,0,16000000,11,4,18709,95526,NGF1-NGG1
1608505733639324322,1608505733638905555,0,1,111294,T,A,0,2683000000,1,4,18635,95691,NGH1
1608505740743203065,1608505740742292977,0,1,111291,T,B,0,2719000000,1,4,21028,96016,NGF1
1608505740746095264,1608505740745299541,0,1,15228,T,B,0,16000000,8,4,18689,96035,NGF1-NGG1
1608505740746649075,1608505740745978229,0,1,215880,T,B,0,21000000,7,4,18633,96039,NGG1-NGH1
1608505740747104342,1608505740746196083,0,1,15228,T,A,0,16000000,4,4,18798,96050,NGF1-NGG1
1608505741288523447,1608505741287274591,0,1,111291,T,B,0,2721000000,1,4,18088,96271,NGF1
1608505741314962651,1608505741314463929,0,1,111291,T,A,0,2719000000,2,4,20803,96283,NGF1
1608505746826137165,1608505746824993021,0,1,111293,T,A,0,2702000000,2,4,24697,96786,NGG1
1608505747372231214,1608505747371729671,0,1,111291,T,A,0,2718000000,1,4,18900,96802,NGF1
1608505747372722913,1608505747372345067,0,1,111291,T,A,0,2718000000,1,4,17942,96809,NGF1
1608505747373145288,1608505747372806311,0,1,111291,T,A,0,2718000000,1,4,17837,96815,NGF1
1608505747420412363,1608505747419862195,0,1,24512,T,A,0,-6000000,1,4,27763,96902,NGH1-NGJ1
1608505750779779000,1608505750778953313,0,1,215880,T,A,0,21000000,1,4,18951,97058,NGG1-NGH1
1608505750780605226,1608505750779784463,0,1,215880,T,A,0,21000000,6,4,18559,97060,NGG1-NGH1
1608505750780752622,1608505750779788733,0,1,215880,T,A,0,21000000,2,4,18731,97062,NGG1-NGH1
1608505750781677481,1608505750779903509,0,1,215880,T,A,0,21000000,6,4,18095,97099,NGG1-NGH1
1608505750782139256,1608505750780663289,0,1,215880,T,A,0,21000000,8,4,18903,97118,NGG1-NGH1
1608505750782612619,1608505750780752189,0,1,215880,T,A,0,21000000,6,4,18341,97120,NGG1-NGH1
1608505750784491739,1608505750783943831,0,1,15228,T,B,0,16000000,1,4,18701,97155,NGF1-NGG1
1608505750785631341,1608505750785121069,0,1,215880,T,A,0,21000000,1,4,19056,97174,NGG1-NGH1
1608505751028223045,1608505751027801223,0,1,111291,T,A,0,2717000000,1,4,18667,97250,NGF1
1608505751366036934,1608505751365221091,0,1,215880,T,B,0,21000000,5,4,18768,97265,NGG1-NGH1
1608505752583633253,1608505752583107329,0,1,111291,T,B,0,2718000000,1,4,18209,97298,NGF1
1608505753177979085,1608505753177444287,0,1,111291,T,B,0,2718000000,1,4,18580,97351,NGF1
1608505753179488866,1608505753179081239,0,1,111291,T,B,0,2718000000,1,4,17843,97369,NGF1
1608505758788916612,1608505758787665807,0,1,111293,T,B,0,2702000000,1,4,22116,97468,NGG1
1608505758789312983,1608505758788927801,0,1,111293,T,B,0,2702000000,1,4,21242,97470,NGG1
1608505758789644746,1608505758788955047,0,1,111293,T,B,0,2702000000,3,4,18663,97479,NGG1
1608505759510788308,1608505759510004513,0,1,111291,T,A,0,2718000000,3,4,18021,97727,NGF1
1608505761009791885,1608505761009291791,0,1,111293,T,A,0,2703000000,1,4,18370,97843,NGG1
1608505782267599621,1608505782266720749,0,1,111291,T,B,0,2718000000,1,4,21097,98040,NGF1
1608505793855955373,1608505793855155557,0,1,111291,T,A,0,2718000000,2,4,18876,98248,NGF1
1608505793856653896,1608505793856107003,0,1,111293,T,A,0,2702000000,1,4,17771,98267,NGG1
1608505795192521802,1608505795191176057,0,1,111293,T,N,0,2703000000,1,4,23270,98359,NGG1
1608505795192521802,1608505795191176057,0,1,111291,T,B,0,2719000000,5,4,23270,98359,NGF1
1608505795192521802,1608505795191176057,0,1,15228,T,N,0,16000000,1,4,23270,98359,NGF1-NGG1
1608505799628840567,1608505799627904445,0,1,111291,T,B,0,2719000000,1,4,32683,98525,NGF1
1608505800718381152,1608505800717884331,0,1,111291,T,A,0,2718000000,1,4,18703,98577,NGF1
1608505803007300675,1608505803006707713,0,1,111293,T,B,0,2702000000,1,4,18270,98736,NGG1
1608505804007501833,1608505804006627791,0,1,111293,T,A,0,2702000000,1,4,18616,98792,NGG1
1608505812850842654,1608505812849393487,0,1,215880,T,B,0,21000000,2,4,18859,99067,NGG1-NGH1
1608505812850881594,1608505812849400849,0,1,111298,T,A,0,2693000000,1,4,21284,99068,NGK1
1608505812851060045,1608505812849405565,0,1,111291,T,A,0,2717000000,2,4,17838,99072,NGF1
1608505812852191447,1608505812851439811,0,1,111293,T,A,0,2702000000,1,4,18068,99104,NGG1
1608505812885840254,1608505812885457083,0,1,111291,T,A,0,2717000000,1,4,18493,99215,NGF1
1608505819118197839,1608505819116863475,0,1,111291,T,B,0,2718000000,1,132,25949,99434,NGF1
1608505819118197839,1608505819116863475,0,1,111293,T,N,0,2702000000,1,4,25949,99434,NGG1
1608505819118197839,1608505819116863475,0,1,15228,T,N,0,16000000,1,4,25949,99434,NGF1-NGG1
1608505819120813150,1608505819118782557,0,1,111291,T,N,0,2717000000,2,4,19463,99448,NGF1
1608505819120813150,1608505819118782557,0,1,111294,T,A,0,2680000000,2,132,19463,99448,NGH1
1608505819120813150,1608505819118782557,0,1,215879,T,N,0,37000000,2,4,19463,99448,NGF1-NGH1
1608505828733923230,1608505828724806071,0,1,215879,T,N,0,36000000,1,4,29070,99763,NGF1-NGH1
1608505828733923230,1608505828724806071,0,1,111294,T,B,0,2683000000,2,4,29070,99763,NGH1
1608505828733923230,1608505828724806071,0,1,111291,T,N,0,2719000000,1,4,29070,99763,NGF1
1608505830697124579,1608505830696640595,0,1,111291,T,B,0,2719000000,1,4,24694,99831,NGF1
1608505831535509764,1608505831533992633,0,1,215880,T,A,0,21000000,20,4,19227,99928,NGG1-NGH1
1608505831536692182,1608505831535693533,0,1,215880,T,A,0,21000000,6,4,17778,99934,NGG1-NGH1
1608505831539894212,1608505831539224237,0,1,215880,T,A,0,21000000,3,4,18497,99937,NGG1-NGH1
1608505831540459131,1608505831539996237,0,1,215880,T,A,0,21000000,1,4,18304,99940,NGG1-NGH1
1608505832361135182,1608505832359580301,0,1,111291,T,N,0,2718000000,2,4,19810,99992,NGF1
1608505832361135182,1608505832359580301,0,1,15228,T,N,0,16000000,2,4,19810,99992,NGF1-NGG1
1608505832361135182,1608505832359580301,0,1,111293,T,A,0,2702000000,5,4,19810,99992,NGG1
1608505836170156266,1608505836169252425,0,1,15228,T,B,0,16000000,22,4,18757,100075,NGF1-NGG1
1608505836334979289,1608505836334180705,0,1,15228,T,A,0,16000000,2,4,18945,100266,NGF1-NGG1
1608505838845263205,1608505838844550609,0,1,111291,T,B,0,2719000000,1,4,25627,100335,NGF1
1608505838889691201,1608505838889023275,0,1,15228,T,A,0,16000000,1,4,18738,100392,NGF1-NGG1
1608505839021956985,1608505839021608695,0,1,111293,T,B,0,2703000000,1,4,18799,100502,NGG1
1608505839039652369,1608505839039193653,0,1,111291,T,A,0,2719000000,8,4,18714,100574,NGF1
1608505839079937653,1608505839079568155,0,1,111291,T,A,0,2719000000,8,4,18923,100607,NGF1
1608505839118747236,1608505839118371605,0,1,111291,T,A,0,2719000000,7,4,18798,100618,NGF1
1608505839156306593,1608505839155934073,0,1,111291,T,A,0,2719000000,2,4,18299,100654,NGF1
1608505841547344497,1608505841546817691,0,1,111291,T,A,0,2719000000,2,4,18606,100795,NGF1
1608505857548627633,1608505857547773353,0,1,111291,T,A,0,2719000000,2,4,18291,101048,NGF1
1608505860002980829,1608505860001949109,0,1,15228,T,A,0,16000000,1,4,21543,101100,NGF1-NGG1
1608505866859747443,1608505866858843625,0,1,111291,T,A,0,2719000000,1,4,18703,101158,NGF1
1608505867525657476,1608505867525145583,0,1,111291,T,A,0,2719000000,3,4,19673,101281,NGF1
1608505869009116965,1608505869008512303,0,1,111293,T,A,0,2703000000,1,4,18726,101346,NGG1
1608505870956609099,1608505870956138417,0,1,111291,T,B,0,2719000000,1,4,24430,101374,NGF1
1608505870982933735,1608505870982469677,0,1,111291,T,A,0,2719000000,8,4,18516,101426,NGF1
1608505871020636144,1608505871019988693,0,1,111291,T,A,0,2719000000,1,4,17628,101468,NGF1
1608505875822560604,1608505875821817205,0,1,111293,T,A,0,2703000000,1,4,19483,101615,NGG1
1608505881432941736,1608505881431792781,0,1,111291,T,A,0,2718000000,5,4,22771,101651,NGF1
1608505881439322169,1608505881438151329,0,1,111293,T,A,0,2702000000,1,4,18724,101760,NGG1
1608505883197531358,1608505883196712971,0,1,111291,T,B,0,2718000000,1,4,21659,101883,NGF1
1608505908048205420,1608505908047445751,0,1,111293,T,B,0,2703000000,1,4,21438,102084,NGG1
1608505920011518867,1608505920010208733,0,1,111291,T,A,0,2717000000,1,4,28819,102183,NGF1
1608505924904826105,1608505924903081105,0,1,111291,T,A,0,2717000000,1,4,18787,102311,NGF1
1608505931691765176,1608505931690947317,0,1,111293,T,A,0,2701000000,1,4,28119,102390,NGG1
1608505962011228870,1608505962010401533,0,1,111293,T,B,0,2702000000,1,4,26081,103018,NGG1
1608505965680984240,1608505965679846429,0,1,111291,T,A,0,2716000000,2,4,24130,103091,NGF1
1608505968656420099,1608505968655549057,0,1,111291,T,B,0,2716000000,1,4,27121,103322,NGF1
1608505968657723060,1608505968657359489,0,1,111291,T,B,0,2716000000,1,4,17991,103340,NGF1
1608505970678025013,1608505970677623287,0,1,111291,T,B,0,2716000000,1,4,18291,103386,NGF1
1608505975258841884,1608505975257669405,0,1,111293,T,A,0,2701000000,2,4,26015,103542,NGG1
1608505975258841884,1608505975257669405,0,1,215880,T,N,0,20000000,1,4,26015,103542,NGG1-NGH1
1608505975258841884,1608505975257669405,0,1,111294,T,N,0,2681000000,1,4,26015,103542,NGH1
1608505981407973991,1608505981406834461,0,1,215880,T,B,0,21000000,7,4,26466,103665,NGG1-NGH1
1608505981408136422,1608505981406939655,0,1,215880,T,B,0,21000000,8,4,21934,103666,NGG1-NGH1
1608505990118035135,1608505990117089123,0,1,111291,T,B,0,2717000000,1,4,29878,103793,NGF1
1608505990452600772,1608505990451765559,0,1,15228,T,A,0,16000000,1,4,19350,103889,NGF1-NGG1
1608505994741322779,1608505994740096383,0,1,111291,T,B,0,2718000000,1,4,28438,103952,NGF1
1608506010149384152,1608506010148633293,0,1,111291,T,B,0,2718000000,1,4,18493,104067,NGF1
1608506016039317292,1608506016038572371,0,1,111293,T,B,0,2702000000,1,4,25368,104111,NGG1
1608506018409291159,1608506018408399201,0,1,111293,T,A,0,2701000000,1,4,27953,104191,NGG1
1608506018409291159,1608506018408399201,0,1,111293,T,A,0,2700000000,2,4,27953,104191,NGG1
1608506018410987740,1608506018409451411,0,1,111293,T,N,0,2700000000,2,4,18233,104222,NGG1
1608506018410987740,1608506018409451411,0,1,111291,T,N,0,2716000000,2,4,18233,104222,NGF1
1608506018410987740,1608506018409451411,0,1,15228,T,A,0,16000000,2,132,18233,104222,NGF1-NGG1
1608506018412370617,1608506018411240771,0,1,111291,T,A,0,2716000000,2,4,17921,104264,NGF1
1608506025936911952,1608506025934947207,0,1,111291,T,A,0,2715000000,8,4,38496,104484,NGF1
1608506025936911952,1608506025934947207,0,1,15228,T,N,0,15000000,3,4,38496,104484,NGF1-NGG1
1608506025936911952,1608506025934947207,0,1,111293,T,N,0,2700000000,3,4,38496,104484,NGG1
1608506025936930928,1608506025934947207,0,1,111291,T,A,0,2714000000,1,4,28207,104485,NGF1
1608506025936930928,1608506025934947207,0,1,111291,T,A,0,2714000000,1,4,28207,104485,NGF1
1608506025950273243,1608506025949875691,0,1,111291,T,B,0,2715000000,1,4,18391,104707,NGF1
1608506025950577314,1608506025949882657,0,1,24512,T,A,0,-6000000,1,4,19413,104712,NGH1-NGJ1
1608506025951764844,1608506025950316645,0,1,111291,T,B,0,2715000000,1,4,19609,104749,NGF1
1608506028432330314,1608506028431585945,0,1,111291,T,A,0,2714000000,2,4,18318,104990,NGF1
1608506040303826158,1608506040303141593,0,1,111291,T,B,0,2716000000,1,4,24866,105178,NGF1
1608506058009388231,1608506058008513183,0,1,111293,T,A,0,2701000000,1,4,19607,105863,NGG1
1608506066545591779,1608506066542118869,0,1,111293,T,N,0,2700000000,1,4,27075,105898,NGG1
1608506066545591779,1608506066542118869,0,1,111293,T,N,0,2699000000,1,4,27075,105898,NGG1
1608506066545591779,1608506066542118869,0,1,111291,T,A,0,2716000000,1,4,27075,105898,NGF1
1608506066545591779,1608506066542118869,0,1,111291,T,A,0,2715000000,5,4,27075,105898,NGF1
1608506066545591779,1608506066542118869,0,1,111291,T,A,0,2714000000,2,4,27075,105898,NGF1
1608506066545591779,1608506066542118869,0,1,15228,T,N,0,15000000,2,4,27075,105898,NGF1-NGG1
1608506066546750236,1608506066543224939,0,1,111293,T,A,0,2699000000,1,132,19142,105915,NGG1
1608506066546750236,1608506066543224939,0,1,215880,T,N,0,20000000,1,4,19142,105915,NGG1-NGH1
1608506066546750236,1608506066543224939,0,1,111294,T,N,0,2679000000,1,4,19142,105915,NGH1
1608506066546768416,1608506066543224939,0,1,111294,T,A,0,2678000000,3,4,23851,105916,NGH1
1608506066546768416,1608506066543224939,0,1,24512,T,N,0,-7000000,1,4,23851,105916,NGH1-NGJ1
1608506066546768416,1608506066543224939,0,1,111296,T,N,0,2685000000,1,4,23851,105916,NGJ1
1608506066551685611,1608506066550973967,0,1,215879,T,A,0,35000000,1,4,18181,106044,NGF1-NGH1
1608506066571291998,1608506066558817335,0,1,282762,T,A,0,-109000000,1,4,19613,106099,NGK1-NGU1
1608506066592385982,1608506066591643841,0,1,111294,T,N,0,2679000000,1,4,18914,106512,NGH1
1608506066592385982,1608506066591643841,0,1,61550,T,N,0,7250000,1,4,18914,106512,NGH1-HHH1
1608506066651323163,1608506066650780067,0,1,41645,T,A,0,-143000000,1,4,18534,106751,NGJ1-NGV1
1608506069040833050,1608506069039671473,0,1,111291,T,A,0,2713000000,1,4,24282,107038,NGF1
1608506069041992968,1608506069041342117,0,1,41645,T,A,0,-143000000,1,4,18445,107056,NGJ1-NGV1
1608506071659124243,1608506071658121429,0,1,111291,T,B,0,2715000000,1,4,25178,107106,NGF1
1608506072142017210,1608506072141299381,0,1,111291,T,A,0,2713000000,3,4,24325,107169,NGF1
1608506074829799670,1608506074828659549,0,1,41645,T,A,0,-143000000,7,4,19957,107231,NGJ1-NGV1
1608506074832882657,1608506074830192573,0,1,41645,T,A,0,-143000000,1,4,17040,107366,NGJ1-NGV1
1608506074835135292,1608506074833767735,0,1,24512,T,A,0,-7000000,3,4,17077,107447,NGH1-NGJ1
1608506074840530330,1608506074839957729,0,1,62831,T,A,0,-58000000,1,4,18837,107507,NGM1-NGN1
1608506074846855478,1608506074846396305,0,1,111291,T,B,0,2713000000,8,4,18532,107566,NGF1
1608506074848613703,1608506074847921715,0,1,15228,T,B,0,16000000,8,4,19054,107575,NGF1-NGG1
1608506074856114577,1608506074854507505,0,1,111293,T,A,0,2697000000,1,4,17700,107610,NGG1
1608506074857420478,1608506074856871427,0,1,111291,T,A,0,2712000000,1,4,18701,107625,NGF1
1608506074857430006,1608506074856871427,0,1,111291,T,A,0,2712000000,1,4,17706,107626,NGF1
1608506074857610882,1608506074856874905,0,1,111311,T,A,0,2828000000,4,4,21317,107629,NGV1
1608506074862128225,1608506074861444629,0,1,282762,T,N,0,-110000000,1,4,18436,107718,NGK1-NGU1
1608506074862128225,1608506074861444629,0,1,111298,T,N,0,2691000000,1,4,18436,107718,NGK1
1608506074862128225,1608506074861444629,0,1,111305,T,B,0,2801000000,1,132,18436,107718,NGU1
1608506074890236096,1608506074889810585,0,1,111311,T,A,0,2828000000,1,4,18915,107847,NGV1
1608506074890525127,1608506074889816233,0,1,62831,T,A,0,-58000000,1,4,18761,107851,NGM1-NGN1
1608506074898790364,1608506074898264513,0,1,282762,T,A,0,-110000000,1,4,19099,107983,NGK1-NGU1
1608506074898903944,1608506074898267799,0,1,111311,T,A,0,2828000000,1,4,24879,107984,NGV1
1608506074910695777,1608506074910271793,0,1,111291,T,A,0,2712000000,2,4,18521,108057,NGF1
1608506074919883900,1608506074919393569,0,1,41645,T,B,0,-144000000,1,4,18467,108088,NGJ1-NGV1
1608506074920343751,1608506074919891975,0,1,111311,T,A,0,2828000000,1,4,18588,108091,NGV1
1608506075000708783,1608506075000315181,0,1,111311,T,A,0,2828000000,1,4,18568,108345,NGV1
1608506075020206382,1608506075019802875,0,1,111291,T,A,0,2711000000,1,4,18576,108379,NGF1
1608506075020752117,1608506075020155795,0,1,111291,T,A,0,2711000000,3,4,19163,108381,NGF1
1608506075020752117,1608506075020155795,0,1,111291,T,A,0,2710000000,1,4,19163,108381,NGF1
1608506075021922402,1608506075021490193,0,1,111291,T,B,0,2712000000,2,4,17069,108417,NGF1
1608506075027087385,1608506075026143253,0,1,111291,T,B,0,2712000000,2,4,19771,108474,NGF1
1608506075027087385,1608506075026143253,0,1,111291,T,B,0,2713000000,1,4,19771,108474,NGF1
1608506075027087385,1608506075026143253,0,1,111291,T,B,0,2714000000,4,4,19771,108474,NGF1
1608506075027087385,1608506075026143253,0,1,111293,T,N,0,2697000000,1,4,19771,108474,NGG1
1608506075027087385,1608506075026143253,0,1,15228,T,N,0,17000000,1,4,19771,108474,NGF1-NGG1
1608506075053902262,1608506075053445175,0,1,111293,T,A,0,2696000000,1,4,18278,108520,NGG1
1608506075082454048,1608506075081888087,0,1,15228,T,A,0,16000000,1,4,19065,108558,NGF1-NGG1
1608506075082800187,1608506075082399763,0,1,111291,T,A,0,2712000000,1,4,18154,108560,NGF1
1608506075100452497,1608506075099994965,0,1,111311,T,A,0,2828000000,2,4,18052,108589,NGV1
1608506075132540957,1608506075131922237,0,1,111291,T,A,0,2712000000,1,4,18295,108731,NGF1
1608506075136012570,1608506075135631599,0,1,111311,T,A,0,2828000000,1,4,18755,108815,NGV1
1608506075310393180,1608506075309866421,0,1,15228,T,B,0,16000000,1,4,19017,108948,NGF1-NGG1
1608506075449999427,1608506075449340433,0,1,111293,T,A,0,2696000000,1,4,19252,108999,NGG1
1608506075449999427,1608506075449340433,0,1,111293,T,A,0,2695000000,2,4,19252,108999,NGG1
1608506075620354656,1608506075619940035,0,1,111291,T,B,0,2714000000,1,4,20257,109039,NGF1
1608506087968911856,1608506087968037009,0,1,111291,T,B,0,2714000000,1,4,21520,109275,NGF1
1608506096700300555,1608506096699623279,0,1,111291,T,A,0,2713000000,1,4,18885,109358,NGF1
1608506096707223905,1608506096700398289,0,1,111291,T,A,0,2713000000,1,4,17925,109368,NGF1
1608506101433643571,1608506101432957761,0,1,111291,T,B,0,2714000000,1,4,33873,109611,NGF1
1608506101825004351,1608506101824121573,0,1,111291,T,A,0,2713000000,2,4,24226,109639,NGF1
1608506101825977325,1608506101825204865,0,1,111291,T,B,0,2713000000,2,4,18472,109654,NGF1
1608506104856849980,1608506104855777621,0,1,111291,T,N,0,2713000000,1,4,18831,109720,NGF1
1608506104856849980,1608506104855777621,0,1,111293,T,N,0,2697000000,1,4,18831,109720,NGG1
1608506104856849980,1608506104855777621,0,1,15228,T,A,0,16000000,1,132,18831,109720,NGF1-NGG1
1608506104857478570,1608506104856869421,0,1,111291,T,A,0,2713000000,1,4,17446,109735,NGF1
1608506104857926482,1608506104857523843,0,1,111293,T,B,0,2697000000,1,4,17751,109747,NGG1
1608506115050697242,1608506115049327985,0,1,111293,T,N,0,2697000000,1,4,23892,109895,NGG1
1608506115050697242,1608506115049327985,0,1,111291,T,N,0,2713000000,1,4,23892,109895,NGF1
1608506115050697242,1608506115049327985,0,1,15228,T,A,0,16000000,1,132,23892,109895,NGF1-NGG1
1608506115051495240,1608506115050712511,0,1,111291,T,A,0,2713000000,1,4,22178,109918,NGF1
1608506115051818460,1608506115050771139,0,1,111293,T,B,0,2697000000,1,4,23867,109936,NGG1
1608506116051275180,1608506116050714329,0,1,111291,T,A,0,2713000000,1,4,18468,110041,NGF1
1608506124000140229,1608506123999367819,0,1,111293,T,A,0,2696000000,1,4,22371,110083,NGG1
1608506126385644048,1608506126384749927,0,1,111293,T,A,0,2697000000,1,132,19536,110134,NGG1
1608506126385644048,1608506126384749927,0,1,111294,T,N,0,2677000000,1,4,19536,110134,NGH1
1608506126385644048,1608506126384749927,0,1,215880,T,N,0,20000000,1,4,19536,110134,NGG1-NGH1
1608506130235253120,1608506130234616681,0,1,111291,T,B,0,2714000000,2,4,20870,110180,NGF1
1608506130235253120,1608506130234616681,0,1,111291,T,B,0,2715000000,1,4,20870,110180,NGF1
1608506133913112881,1608506133912508621,0,1,111291,T,B,0,2714000000,1,4,22208,110264,NGF1
1608506135816637937,1608506135816053539,0,1,111291,T,B,0,2714000000,1,4,18574,110309,NGF1
1608506140450711286,1608506140450151741,0,1,111293,T,A,0,2697000000,1,4,18503,110370,NGG1
1608506159814186057,1608506159813207217,0,1,111293,T,B,0,2697000000,3,4,18186,110615,NGG1
1608506166650209925,1608506166649345003,0,1,111291,T,B,0,2714000000,1,4,18046,110735,NGF1
1608506176970240640,1608506176969343707,0,1,111291,T,B,0,2714000000,2,4,25578,110800,NGF1
1608506176971111575,1608506176970251151,0,1,111291,T,B,0,2714000000,1,4,19350,110803,NGF1
1608506179312022342,1608506179310274959,0,1,111291,T,N,0,2713000000,2,4,20802,110945,NGF1
1608506179312022342,1608506179310274959,0,1,111293,T,A,0,2696000000,5,4,20802,110945,NGG1
1608506179312022342,1608506179310274959,0,1,215880,T,N,0,20000000,1,4,20802,110945,NGG1-NGH1
1608506179312022342,1608506179310274959,0,1,111294,T,N,0,2676000000,1,4,20802,110945,NGH1
1608506179312022342,1608506179310274959,0,1,15228,T,N,0,17000000,2,4,20802,110945,NGF1-NGG1
1608506179953417487,1608506179952371173,0,1,111293,T,B,0,2696000000,1,4,18498,111064,NGG1
1608506179953467906,1608506179952379101,0,1,111311,T,A,0,2828000000,1,4,25458,111067,NGV1
1608506205647710384,1608506205646551661,0,1,111293,T,N,0,2696000000,1,4,31005,111407,NGG1
1608506205647710384,1608506205646551661,0,1,15228,T,N,0,17000000,1,4,31005,111407,NGF1-NGG1
1608506205647710384,1608506205646551661,0,1,111291,T,B,0,2713000000,1,132,31005,111407,NGF1
1608506205649740116,1608506205647896641,0,1,111293,T,B,0,2696000000,2,4,18978,111436,NGG1
