ts_recv,ts_event,rtype,publisher_id,instrument_id,action,side,depth,price,size,flags,ts_in_delta,sequence,symbol
1607900400306304812,1607900400000000000,0,1,111291,T,N,0,2658000000,86,4,25037,59148,NGF1
1607900400311209335,1607900400000000000,0,1,15228,T,N,0,-7000000,60,4,20975,59149,NGF1-NGG1
1607900400314721398,1607900400000000000,0,1,215879,T,N,0,6000000,6,4,19609,59150,NGF1-NGH1
1607900400315294116,1607900400000000000,0,1,24441,T,N,0,19000000,1,4,18696,59151,NGF1-NGJ1
1607900400315844923,1607900400000000000,0,1,111293,T,N,0,2664000000,30,4,20680,59152,NGG1
1607900400320656664,1607900400000000000,0,1,215880,T,N,0,13000000,13,4,19911,59153,NGG1-NGH1
1607900400322022870,1607900400000000000,0,1,111294,T,N,0,2649000000,33,4,28374,59154,NGH1
1607900400327155277,1607900400000000000,0,1,24512,T,N,0,7000000,167,4,21294,59155,NGH1-NGJ1
1607900400329301409,1607900400000000000,0,1,111296,T,N,0,2639000000,1,4,19397,59156,NGJ1
1607900400329379007,1607900400000000000,0,1,204979,T,N,0,-14000000,7,4,18692,59157,NGJ1-NGK1
1607900400329513341,1607900400000000000,0,1,41645,T,N,0,-140000000,7,4,17536,59158,NGJ1-NGV1
1607900400329663388,1607900400000000000,0,1,62831,T,N,0,-59000000,1,4,18639,59159,NGM1-NGN1
1607900400329905003,1607900400000000000,0,1,111311,T,N,0,2780000000,8,4,18461,59160,NGV1
1607900400362682655,1607900400000000000,0,1,111296,T,N,0,2650000000,1,4,18008,59255,NGJ1
1607900400362682655,1607900400000000000,0,1,111293,T,N,0,2664000000,1,4,18008,59255,NGG1
1607900400362682655,1607900400000000000,0,1,24463,T,N,0,14000000,1,4,18008,59255,NGG1-NGJ1
1607900400435261659,1607900400008093745,0,1,111293,T,B,0,2666000000,2,4,19665,59468,NGG1
1607900400435261659,1607900400008093745,0,1,111293,T,B,0,2667000000,1,4,19665,59468,NGG1
1607900400435261659,1607900400008093745,0,1,15228,T,N,0,-8000000,1,4,19665,59468,NGF1-NGG1
1607900400435261659,1607900400008093745,0,1,111291,T,N,0,2659000000,1,4,19665,59468,NGF1
1607900400436676703,1607900400008427285,0,1,111291,T,B,0,2660000000,1,4,18973,59474,NGF1
1607900400436676703,1607900400008427285,0,1,111291,T,B,0,2661000000,4,4,18973,59474,NGF1
1607900400437418170,1607900400020236477,0,1,111291,T,B,0,2661000000,7,4,19314,59478,NGF1
1607900400438476100,1607900400058490389,0,1,111291,T,B,0,2661000000,1,4,17947,59481,NGF1
1607900400464499883,1607900400178900891,0,1,111291,T,B,0,2661000000,1,4,17163,59561,NGF1
1607900400465111412,1607900400186365091,0,1,111291,T,A,0,2658000000,1,4,17225,59563,NGF1
1607900400465778686,1607900400186614387,0,1,111291,T,A,0,2657000000,1,4,18500,59567,NGF1
1607900400474403850,1607900400298583515,0,1,111291,T,B,0,2661000000,1,4,19323,59600,NGF1
1607900400489656992,1607900400337120533,0,1,111311,T,N,0,2788000000,1,4,17939,59663,NGV1
1607900400489656992,1607900400337120533,0,1,19540,T,N,0,-260000000,1,4,17939,59663,NGV1-NGF2
1607900400489656992,1607900400337120533,0,1,143984,T,A,0,3048000000,1,132,17939,59663,NGF2
1607900400531944371,1607900400340853841,0,1,121372,T,B,0,-44000000,1,4,18187,59953,NGK1-NGM1
1607900400532082900,1607900400340858765,0,1,62831,T,B,0,-58000000,1,4,17671,59955,NGM1-NGN1
1607900400532233446,1607900400340865209,0,1,15052,T,B,0,-24000000,1,4,17580,59957,NGN1-NGQ1
1607900400532400034,1607900400340871379,0,1,15052,T,N,0,-24000000,1,4,17670,59959,NGN1-NGQ1
1607900400532400034,1607900400340871379,0,1,282784,T,B,0,9000000,1,132,17670,59959,NGQ1-NGU1
1607900400532400034,1607900400340871379,0,1,32906,T,N,0,-33000000,1,4,17670,59959,NG:BF N1-Q1-U1
1607900400532700598,1607900400340876363,0,1,41958,T,B,0,-19000000,1,4,17225,59963,NGU1-NGV1
1607900400532884441,1607900400340912669,0,1,215880,T,A,0,12000000,1,4,18039,59969,NGG1-NGH1
1607900400533001318,1607900400340924233,0,1,41645,T,A,0,-144000000,1,4,17526,59971,NGJ1-NGV1
1607900400541113376,1607900400341380417,0,1,24512,T,A,0,8000000,1,4,17575,60016,NGH1-NGJ1
1607900400541420459,1607900400341410353,0,1,111311,T,N,0,2800000000,1,4,19357,60022,NGV1
1607900400541420459,1607900400341410353,0,1,111291,T,B,0,2659000000,1,4,19357,60022,NGF1
1607900400541420459,1607900400341410353,0,1,111291,T,B,0,2661000000,5,4,19357,60022,NGF1
1607900400541420459,1607900400341410353,0,1,111291,T,B,0,2663000000,2,4,19357,60022,NGF1
1607900400541420459,1607900400341410353,0,1,15228,T,N,0,-7000000,2,4,19357,60022,NGF1-NGG1
1607900400541420459,1607900400341410353,0,1,111293,T,N,0,2670000000,2,4,19357,60022,NGG1
1607900400541420459,1607900400341410353,0,1,41101,T,N,0,-141000000,1,4,19357,60022,NGF1-NGV1
1607900400586505219,1607900400346080751,0,1,111291,T,A,0,2658000000,1,4,18463,60413,NGF1
1607900400602905109,1607900400371193729,0,1,62831,T,B,0,-58000000,1,4,18532,60852,NGM1-NGN1
1607900400603031374,1607900400390574933,0,1,111311,T,B,0,2777000000,1,132,18483,60856,NGV1
1607900400603031374,1607900400390574933,0,1,143984,T,N,0,3049000000,1,4,18483,60856,NGF2
1607900400603031374,1607900400390574933,0,1,19540,T,N,0,-272000000,1,4,18483,60856,NGV1-NGF2
1607900400604085303,1607900400399708211,0,1,111293,T,A,0,2665000000,1,4,17798,60870,NGG1
1607900400604085303,1607900400399708211,0,1,111293,T,A,0,2664000000,3,4,17798,60870,NGG1
1607900400604085303,1607900400399708211,0,1,215880,T,N,0,12000000,1,4,17798,60870,NGG1-NGH1
1607900400604085303,1607900400399708211,0,1,111294,T,N,0,2653000000,1,4,17798,60870,NGH1
1607900400604935072,1607900400406773411,0,1,111294,T,N,0,2656000000,1,4,22874,60882,NGH1
1607900400604935072,1607900400406773411,0,1,111291,T,B,0,2662000000,1,132,22874,60882,NGF1
1607900400604935072,1607900400406773411,0,1,215879,T,N,0,6000000,1,4,22874,60882,NGF1-NGH1
1607900400605613283,1607900400430419967,0,1,17356,T,B,0,-94000000,1,4,18379,60900,NGZ1-NGF2
1607900400605692684,1607900400430420951,0,1,209631,T,B,0,-57000000,1,4,17688,60902,NGV1-NGX1
1607900400605763174,1607900400430425555,0,1,158336,T,B,0,-122000000,1,4,17805,60904,NGX1-NGZ1
1607900400617466934,1607900400452650503,0,1,111291,T,A,0,2659000000,1,4,22859,61163,NGF1
1607900400619720034,1607900400461833335,0,1,111291,T,A,0,2659000000,1,4,17720,61203,NGF1
1607900400619720034,1607900400461833335,0,1,111291,T,A,0,2658000000,1,4,17720,61203,NGF1
1607900400620540484,1607900400463437125,0,1,111291,T,B,0,2658000000,1,4,19707,61214,NGF1
1607900400620786435,1607900400464510239,0,1,111291,T,B,0,2658000000,2,4,18168,61216,NGF1
1607900400621062658,1607900400464533471,0,1,111291,T,B,0,2658000000,1,4,24156,61218,NGF1
1607900400624056749,1607900400479891815,0,1,111291,T,A,0,2661000000,1,4,17579,61273,NGF1
1607900400628109969,1607900400495504313,0,1,111291,T,A,0,2661000000,1,4,18051,61358,NGF1
1607900400628109969,1607900400495504313,0,1,111291,T,A,0,2658000000,1,4,18051,61358,NGF1
1607900400628488667,1607900400496558309,0,1,24512,T,B,0,9000000,5,4,17848,61365,NGH1-NGJ1
1607900400632339045,1607900400516884177,0,1,24512,T,B,0,9000000,4,4,22371,61428,NGH1-NGJ1
1607900400634149827,1607900400531796791,0,1,111291,T,N,0,2658000000,1,4,17546,61463,NGF1
1607900400634149827,1607900400531796791,0,1,143984,T,N,0,3048000000,1,4,17546,61463,NGF2
1607900400634149827,1607900400531796791,0,1,18766,T,A,0,-390000000,1,132,17546,61463,NGF1-NGF2
1607900400636073626,1607900400541432865,0,1,111291,T,B,0,2659000000,2,4,21312,61506,NGF1
1607900400638217151,1607900400543665395,0,1,24512,T,B,0,9000000,1,4,17291,61534,NGH1-NGJ1
1607900400640038795,1607900400559078493,0,1,111291,T,B,0,2663000000,1,132,18005,61585,NGF1
1607900400640038795,1607900400559078493,0,1,111293,T,N,0,2670000000,1,4,18005,61585,NGG1
1607900400640038795,1607900400559078493,0,1,15228,T,N,0,-7000000,1,4,18005,61585,NGF1-NGG1
1607900400640759915,1607900400582525119,0,1,15228,T,N,0,-7000000,1,4,18246,61597,NGF1-NGG1
1607900400640759915,1607900400582525119,0,1,111293,T,N,0,2670000000,1,4,18246,61597,NGG1
1607900400640759915,1607900400582525119,0,1,111291,T,B,0,2663000000,1,132,18246,61597,NGF1
1607900400644447036,1607900400609016173,0,1,111291,T,A,0,2662000000,1,4,19723,61687,NGF1
1607900400651092499,1607900400625675119,0,1,143984,T,N,0,3058000000,1,4,18008,61825,NGF2
1607900400651092499,1607900400625675119,0,1,19540,T,N,0,-270000000,1,4,18008,61825,NGV1-NGF2
1607900400651092499,1607900400625675119,0,1,111311,T,B,0,2788000000,1,132,18008,61825,NGV1
1607900400664725668,1607900400651687815,0,1,60141,T,N,0,7250000,1,4,18092,62122,NGM1-HHM1
1607900400664725668,1607900400651687815,0,1,111299,T,N,0,2701000000,1,4,18092,62122,NGM1
1607900400667961709,1607900400658896945,0,1,24512,T,B,0,10000000,3,4,17808,62174,NGH1-NGJ1
1607900400670106351,1607900400661807791,0,1,24512,T,B,0,10000000,3,4,17852,62218,NGH1-NGJ1
1607900400670286633,1607900400662549637,0,1,111291,T,B,0,2662000000,1,132,18644,62225,NGF1
1607900400670286633,1607900400662549637,0,1,111293,T,N,0,2669000000,1,4,18644,62225,NGG1
1607900400670286633,1607900400662549637,0,1,15228,T,N,0,-7000000,1,4,18644,62225,NGF1-NGG1
1607900400682073332,1607900400672930137,0,1,24512,T,A,0,10000000,5,4,19709,62308,NGH1-NGJ1
1607900400744257569,1607900400740534991,0,1,209631,T,B,0,-57000000,1,4,17679,62481,NGV1-NGX1
1607900400744423866,1607900400740592509,0,1,17356,T,B,0,-94000000,1,4,17187,62483,NGZ1-NGF2
1607900400744567342,1607900400740657575,0,1,158336,T,B,0,-122000000,1,4,19559,62485,NGX1-NGZ1
1607900400744714401,1607900400740728811,0,1,41645,T,B,0,-141000000,1,4,24631,62487,NGJ1-NGV1
1607900400744859911,1607900400740786843,0,1,215879,T,B,0,6000000,1,4,17387,62489,NGF1-NGH1
1607900400755253098,1607900400753908851,0,1,111291,T,A,0,2659000000,1,4,18454,62529,NGF1
1607900400784229345,1607900400779266619,0,1,111291,T,A,0,2659000000,1,4,20007,62592,NGF1
1607900400784229345,1607900400779266619,0,1,111291,T,A,0,2658000000,3,4,20007,62592,NGF1
1607900400784229345,1607900400779266619,0,1,111291,T,A,0,2657000000,3,4,20007,62592,NGF1
1607900400784229345,1607900400779266619,0,1,215879,T,N,0,3000000,1,4,20007,62592,NGF1-NGH1
1607900400784229345,1607900400779266619,0,1,111294,T,N,0,2656000000,1,4,20007,62592,NGH1
1607900400784229345,1607900400779266619,0,1,111296,T,N,0,2646000000,1,4,20007,62592,NGJ1
1607900400784229345,1607900400779266619,0,1,24441,T,N,0,12000000,1,4,20007,62592,NGF1-NGJ1
1607900400784996949,1607900400782625027,0,1,24512,T,A,0,10000000,1,4,17264,62605,NGH1-NGJ1
1607900400785576686,1607900400782639473,0,1,215879,T,A,0,3000000,1,4,17508,62607,NGF1-NGH1
1607900400786898039,1607900400782648281,0,1,15228,T,A,0,-8000000,1,4,18690,62609,NGF1-NGG1
1607900400786965608,1607900400782709203,0,1,215880,T,A,0,12000000,1,4,20882,62610,NGG1-NGH1
1607900400791412748,1607900400785157285,0,1,215880,T,A,0,12000000,1,4,18878,62633,NGG1-NGH1
1607900400791673548,1607900400785179287,0,1,15228,T,A,0,-8000000,1,4,25985,62634,NGF1-NGG1
1607900400815751977,1607900400813037269,0,1,24441,T,N,0,12000000,1,4,19302,62674,NGF1-NGJ1
1607900400815751977,1607900400813037269,0,1,111296,T,N,0,2646000000,1,4,19302,62674,NGJ1
1607900400815751977,1607900400813037269,0,1,111291,T,A,0,2658000000,1,4,19302,62674,NGF1
1607900400815751977,1607900400813037269,0,1,111291,T,A,0,2657000000,1,4,19302,62674,NGF1
1607900400821070596,1607900400815656587,0,1,24512,T,A,0,10000000,1,4,18648,62681,NGH1-NGJ1
1607900400821192048,1607900400815671355,0,1,215879,T,A,0,3000000,1,4,17302,62683,NGF1-NGH1
1607900400821756586,1607900400818082213,0,1,15228,T,A,0,-8000000,1,4,17390,62699,NGF1-NGG1
1607900400821799650,1607900400818092003,0,1,215880,T,A,0,12000000,1,4,18403,62701,NGG1-NGH1
1607900400829040579,1607900400826597981,0,1,111291,T,B,0,2660000000,1,4,18676,62741,NGF1
1607900400829209379,1607900400827215039,0,1,111291,T,A,0,2658000000,1,132,23235,62742,NGF1
1607900400829209379,1607900400827215039,0,1,111296,T,N,0,2646000000,1,4,23235,62742,NGJ1
1607900400829209379,1607900400827215039,0,1,24441,T,N,0,12000000,1,4,23235,62742,NGF1-NGJ1
1607900400829281657,1607900400828271515,0,1,24512,T,A,0,10000000,1,4,18626,62746,NGH1-NGJ1
1607900400830018080,1607900400828286215,0,1,215879,T,A,0,3000000,1,4,20362,62748,NGF1-NGH1
1607900400834338247,1607900400829990155,0,1,215880,T,A,0,12000000,1,4,18587,62756,NGG1-NGH1
1607900400834469623,1607900400830001235,0,1,15228,T,A,0,-8000000,1,4,17521,62758,NGF1-NGG1
1607900400927644737,1607900400926158733,0,1,24512,T,B,0,11000000,1,4,18971,62924,NGH1-NGJ1
1607900400936646655,1607900400927943483,0,1,111291,T,B,0,2660000000,2,4,18079,62935,NGF1
1607900400971988089,1607900400970613613,0,1,111291,T,B,0,2661000000,1,4,18273,63022,NGF1
1607900400986845128,1607900400985465669,0,1,111291,T,B,0,2661000000,1,4,17997,63037,NGF1
1607900401047579310,1607900401040849261,0,1,215880,T,N,0,12000000,1,4,20674,63132,NGG1-NGH1
1607900401047579310,1607900401040849261,0,1,111294,T,N,0,2656000000,1,4,20674,63132,NGH1
1607900401047579310,1607900401040849261,0,1,111293,T,A,0,2668000000,1,132,20674,63132,NGG1
1607900401060033798,1607900401056155353,0,1,111291,T,B,0,2661000000,1,4,19341,63141,NGF1
1607900401060033798,1607900401056155353,0,1,111291,T,B,0,2662000000,1,4,19341,63141,NGF1
1607900401062849856,1607900401061864815,0,1,15228,T,B,0,-7000000,2,4,19221,63166,NGF1-NGG1
1607900401105768330,1607900401104807473,0,1,111293,T,A,0,2668000000,1,4,18149,63211,NGG1
1607900401143461398,1607900401142558381,0,1,111291,T,B,0,2662000000,1,4,17983,63221,NGF1
1607900401154641754,1607900401153622165,0,1,24512,T,B,0,12000000,1,4,18724,63239,NGH1-NGJ1
1607900401156319096,1607900401155387745,0,1,204979,T,B,0,-13000000,1,4,18465,63257,NGJ1-NGK1
1607900401156900487,1607900401155947537,0,1,24512,T,A,0,12000000,5,4,18938,63262,NGH1-NGJ1
1607900401158995866,1607900401158184469,0,1,24512,T,A,0,12000000,5,4,18736,63325,NGH1-NGJ1
1607900401159484677,1607900401158187427,0,1,24512,T,A,0,12000000,1,4,27661,63327,NGH1-NGJ1
1607900401260689534,1607900401259258471,0,1,111291,T,A,0,2662000000,2,4,18313,63432,NGF1
1607900401267783373,1607900401259413109,0,1,111293,T,B,0,2670000000,2,4,18827,63436,NGG1
1607900401268294528,1607900401259643041,0,1,111291,T,B,0,2663000000,2,4,18101,63444,NGF1
1607900401268540248,1607900401260544509,0,1,111293,T,A,0,2669000000,2,4,19645,63448,NGG1
1607900401273321434,1607900401271576651,0,1,111291,T,A,0,2662000000,2,4,19258,63498,NGF1
1607900401339818291,1607900401333589881,0,1,111291,T,A,0,2662000000,2,4,26814,63516,NGF1
1607900401381972104,1607900401377117031,0,1,111291,T,A,0,2660000000,1,4,16689,63584,NGF1
1607900401384491115,1607900401383728817,0,1,111293,T,A,0,2668000000,1,4,17712,63613,NGG1
1607900401449963994,1607900401448412799,0,1,111291,T,A,0,2660000000,1,4,21707,63656,NGF1
1607900401449963994,1607900401448412799,0,1,111291,T,A,0,2659000000,1,4,21707,63656,NGF1
1607900401531977504,1607900401531297595,0,1,111291,T,B,0,2662000000,1,4,19580,63755,NGF1
1607900401580496862,1607900401575149425,0,1,111291,T,A,0,2660000000,1,4,18851,63769,NGF1
1607900401653955988,1607900401653125249,0,1,111291,T,B,0,2662000000,2,4,21365,63781,NGF1
1607900401693230748,1607900401692065523,0,1,111293,T,N,0,2670000000,1,4,20162,63828,NGG1
1607900401693230748,1607900401692065523,0,1,111296,T,B,0,2646000000,1,132,20162,63828,NGJ1
1607900401693230748,1607900401692065523,0,1,24463,T,N,0,24000000,1,4,20162,63828,NGG1-NGJ1
1607900401891366675,1607900401890763401,0,1,111291,T,A,0,2660000000,1,4,17794,63856,NGF1
1607900401895373329,1607900401894675181,0,1,111291,T,A,0,2661000000,2,4,28978,63866,NGF1
1607900401900196842,1607900401896525071,0,1,111291,T,B,0,2661000000,1,4,17281,63890,NGF1
1607900401951965682,1607900401951361679,0,1,111291,T,A,0,2661000000,1,4,17522,63927,NGF1
1607900401964658521,1607900401953856639,0,1,111291,T,B,0,2661000000,1,4,17777,63949,NGF1
1607900402584068849,1607900402583219967,0,1,111291,T,A,0,2660000000,1,4,17615,64015,NGF1
1607900402853238336,1607900402852430389,0,1,111291,T,A,0,2660000000,2,4,18227,64081,NGF1
1607900402882314130,1607900402881659277,0,1,111291,T,A,0,2660000000,1,4,17732,64105,NGF1
1607900403054655618,1607900403054016509,0,1,111291,T,B,0,2661000000,2,4,18601,64121,NGF1
1607900403688401244,1607900403685645909,0,1,111291,T,A,0,2660000000,2,4,18419,64197,NGF1
1607900403688401244,1607900403685645909,0,1,111291,T,A,0,2659000000,1,4,18419,64197,NGF1
1607900403729447059,1607900403728233903,0,1,24512,T,A,0,11000000,6,4,19135,64233,NGH1-NGJ1
1607900403778760261,1607900403776968167,0,1,215879,T,A,0,5000000,1,4,18626,64413,NGF1-NGH1
1607900403885312736,1607900403884110317,0,1,111291,T,B,0,2661000000,2,4,22140,64442,NGF1
1607900403885312736,1607900403884110317,0,1,111291,T,B,0,2662000000,2,4,22140,64442,NGF1
1607900403894901096,1607900403894001067,0,1,24512,T,B,0,11000000,10,4,17839,64486,NGH1-NGJ1
1607900403895202040,1607900403894013279,0,1,24512,T,B,0,11000000,2,4,24125,64488,NGH1-NGJ1
1607900403896979935,1607900403896045625,0,1,111293,T,N,0,2669000000,1,4,18635,64548,NGG1
1607900403896979935,1607900403896045625,0,1,111298,T,N,0,2658000000,1,4,18635,64548,NGK1
1607900403896979935,1607900403896045625,0,1,204962,T,B,0,11000000,1,132,18635,64548,NGG1-NGK1
1607900404000898659,1607900404000019907,0,1,111291,T,A,0,2662000000,1,4,23331,64627,NGF1
1607900404310449548,1607900404309441275,0,1,24512,T,A,0,11000000,1,4,18324,64686,NGH1-NGJ1
1607900404407493494,1607900404406455889,0,1,111291,T,A,0,2660000000,1,4,19916,64757,NGF1
1607900404843646667,1607900404842139303,0,1,111291,T,A,0,2660000000,2,4,17871,64807,NGF1
1607900404899047270,1607900404897586725,0,1,24512,T,A,0,10000000,14,4,18409,64826,NGH1-NGJ1
1607900405283844545,1607900405283024051,0,1,24512,T,B,0,10000000,8,4,18608,64951,NGH1-NGJ1
1607900405286821119,1607900405283854603,0,1,24512,T,B,0,10000000,9,4,17369,64955,NGH1-NGJ1
1607900405287198297,1607900405283860683,0,1,215879,T,A,0,5000000,1,4,20504,64981,NGF1-NGH1
1607900405300274908,1607900405298730649,0,1,111291,T,A,0,2660000000,1,4,18841,64997,NGF1
1607900405733715310,1607900405733153045,0,1,111291,T,B,0,2661000000,1,4,17956,65127,NGF1
1607900405838771939,1607900405838125505,0,1,111291,T,A,0,2660000000,2,4,19160,65150,NGF1
1607900405839860327,1607900405838786595,0,1,215879,T,A,0,5000000,1,4,18528,65152,NGF1-NGH1
1607900405932308472,1607900405931328945,0,1,111291,T,A,0,2660000000,2,4,18524,65159,NGF1
1607900406005548723,1607900406004453711,0,1,111291,T,B,0,2661000000,1,4,27558,65196,NGF1
1607900406005548723,1607900406004453711,0,1,111291,T,B,0,2662000000,6,4,27558,65196,NGF1
1607900406032807499,1607900406031849801,0,1,111291,T,B,0,2663000000,1,4,17589,65266,NGF1
1607900406731644801,1607900406728607803,0,1,215880,T,B,0,13000000,1,4,23478,65319,NGG1-NGH1
1607900406955973505,1607900406954889409,0,1,111291,T,A,0,2662000000,3,4,17537,65335,NGF1
1607900406983893282,1607900406982567691,0,1,111291,T,B,0,2661000000,1,4,17611,65402,NGF1
1607900407008565127,1607900407007913575,0,1,111291,T,A,0,2660000000,2,4,18454,65405,NGF1
1607900407170924484,1607900407170080579,0,1,111291,T,B,0,2661000000,1,4,18240,65441,NGF1
1607900407243703082,1607900407234918327,0,1,111291,T,B,0,2662000000,6,4,22688,65458,NGF1
1607900407243703082,1607900407234918327,0,1,111291,T,B,0,2663000000,8,4,22688,65458,NGF1
1607900407243703082,1607900407234918327,0,1,111291,T,B,0,2664000000,21,4,22688,65458,NGF1
1607900407243703082,1607900407234918327,0,1,215879,T,N,0,6000000,2,4,22688,65458,NGF1-NGH1
1607900407243703082,1607900407234918327,0,1,111293,T,N,0,2668000000,1,4,22688,65458,NGG1
1607900407243703082,1607900407234918327,0,1,111293,T,N,0,2669000000,3,4,22688,65458,NGG1
1607900407243703082,1607900407234918327,0,1,111293,T,N,0,2670000000,15,4,22688,65458,NGG1
1607900407243703082,1607900407234918327,0,1,15228,T,N,0,-6000000,19,4,22688,65458,NGF1-NGG1
1607900407243703082,1607900407234918327,0,1,111294,T,N,0,2657000000,1,4,22688,65458,NGH1
1607900407243703082,1607900407234918327,0,1,111294,T,N,0,2658000000,1,4,22688,65458,NGH1
1607900407260000757,1607900407240990601,0,1,111294,T,N,0,2653000000,1,4,24509,65469,NGH1
1607900407260000757,1607900407240990601,0,1,111294,T,N,0,2652000000,1,4,24509,65469,NGH1
1607900407260000757,1607900407240990601,0,1,111294,T,N,0,2650000000,3,4,24509,65469,NGH1
1607900407260000757,1607900407240990601,0,1,111294,T,N,0,2647000000,1,4,24509,65469,NGH1
1607900407260000757,1607900407240990601,0,1,111294,T,N,0,2645000000,1,4,24509,65469,NGH1
1607900407260000757,1607900407240990601,0,1,111294,T,N,0,2643000000,1,4,24509,65469,NGH1
1607900407260000757,1607900407240990601,0,1,111293,T,N,0,2666000000,2,4,24509,65469,NGG1
1607900407260000757,1607900407240990601,0,1,111293,T,N,0,2665000000,2,4,24509,65469,NGG1
1607900407260000757,1607900407240990601,0,1,111293,T,N,0,2664000000,1,4,24509,65469,NGG1
1607900407260000757,1607900407240990601,0,1,111293,T,N,0,2663000000,1,4,24509,65469,NGG1
1607900407260000757,1607900407240990601,0,1,111293,T,N,0,2662000000,1,4,24509,65469,NGG1
1607900407260000757,1607900407240990601,0,1,111293,T,N,0,2661000000,2,4,24509,65469,NGG1
1607900407260000757,1607900407240990601,0,1,111291,T,N,0,2660000000,1,4,24509,65469,NGF1
1607900407260000757,1607900407240990601,0,1,111291,T,N,0,2659000000,2,4,24509,65469,NGF1
1607900407260000757,1607900407240990601,0,1,111291,T,N,0,2658000000,1,4,24509,65469,NGF1
1607900407260000757,1607900407240990601,0,1,111291,T,N,0,2657000000,2,4,24509,65469,NGF1
1607900407260000757,1607900407240990601,0,1,24512,T,N,0,10000000,9,4,24509,65469,NGH1-NGJ1
1607900407260000757,1607900407240990601,0,1,111298,T,N,0,2659000000,1,4,24509,65469,NGK1
1607900407260000757,1607900407240990601,0,1,111298,T,N,0,2658000000,1,4,24509,65469,NGK1
1607900407260000757,1607900407240990601,0,1,111298,T,N,0,2651000000,1,4,24509,65469,NGK1
1607900407260000757,1607900407240990601,0,1,24463,T,N,0,24000000,1,4,24509,65469,NGG1-NGJ1
1607900407260000757,1607900407240990601,0,1,24463,T,N,0,25000000,2,4,24509,65469,NGG1-NGJ1
1607900407260000757,1607900407240990601,0,1,24463,T,N,0,27000000,1,4,24509,65469,NGG1-NGJ1
1607900407260000757,1607900407240990601,0,1,24463,T,N,0,28000000,1,4,24509,65469,NGG1-NGJ1
1607900407260000757,1607900407240990601,0,1,24463,T,N,0,29000000,2,4,24509,65469,NGG1-NGJ1
1607900407260000757,1607900407240990601,0,1,24463,T,N,0,30000000,1,4,24509,65469,NGG1-NGJ1
1607900407260000757,1607900407240990601,0,1,111296,T,A,0,2645000000,1,4,24509,65469,NGJ1
1607900407260000757,1607900407240990601,0,1,111296,T,A,0,2644000000,2,4,24509,65469,NGJ1
1607900407260000757,1607900407240990601,0,1,111296,T,A,0,2643000000,2,4,24509,65469,NGJ1
1607900407260000757,1607900407240990601,0,1,111296,T,A,0,2642000000,2,4,24509,65469,NGJ1
1607900407260000757,1607900407240990601,0,1,111296,T,A,0,2641000000,2,4,24509,65469,NGJ1
1607900407260000757,1607900407240990601,0,1,111296,T,A,0,2640000000,4,4,24509,65469,NGJ1
1607900407260000757,1607900407240990601,0,1,111296,T,A,0,2639000000,2,4,24509,65469,NGJ1
1607900407260000757,1607900407240990601,0,1,111296,T,A,0,2638000000,2,4,24509,65469,NGJ1
1607900407260000757,1607900407240990601,0,1,111296,T,A,0,2637000000,3,4,24509,65469,NGJ1
1607900407260000757,1607900407240990601,0,1,111296,T,A,0,2636000000,1,4,24509,65469,NGJ1
1607900407260000757,1607900407240990601,0,1,111296,T,A,0,2635000000,2,4,24509,65469,NGJ1
1607900407260000757,1607900407240990601,0,1,111296,T,A,0,2634000000,1,4,24509,65469,NGJ1
1607900407260000757,1607900407240990601,0,1,111296,T,A,0,2633000000,3,4,24509,65469,NGJ1
1607900407260000757,1607900407240990601,0,1,111296,T,A,0,2631000000,3,4,24509,65469,NGJ1
1607900407260000757,1607900407240990601,0,1,204979,T,N,0,-14000000,3,4,24509,65469,NGJ1-NGK1
1607900407260000757,1607900407240990601,0,1,24441,T,N,0,17000000,1,4,24509,65469,NGF1-NGJ1
1607900407260000757,1607900407240990601,0,1,24441,T,N,0,20000000,2,4,24509,65469,NGF1-NGJ1
1607900407260000757,1607900407240990601,0,1,24441,T,N,0,23000000,1,4,24509,65469,NGF1-NGJ1
1607900407260000757,1607900407240990601,0,1,24441,T,N,0,26000000,1,4,24509,65469,NGF1-NGJ1
1607900407260000757,1607900407240990601,0,1,111299,T,N,0,2701000000,1,4,24509,65469,NGM1
1607900407260000757,1607900407240990601,0,1,121360,T,N,0,-63000000,1,4,24509,65469,NGJ1-NGM1
1607900407260031864,1607900407240990601,0,1,121360,T,N,0,-64000000,1,4,18668,65470,NGJ1-NGM1
1607900407260031864,1607900407240990601,0,1,111299,T,N,0,2694000000,1,4,18668,65470,NGM1
1607900407260031864,1607900407240990601,0,1,24441,T,N,0,27000000,1,4,18668,65470,NGF1-NGJ1
1607900407260031864,1607900407240990601,0,1,111296,T,A,0,2630000000,5,4,18668,65470,NGJ1
1607900407260031864,1607900407240990601,0,1,24463,T,N,0,31000000,1,4,18668,65470,NGG1-NGJ1
1607900407260031864,1607900407240990601,0,1,111294,T,N,0,2641000000,1,4,18668,65470,NGH1
1607900407260031864,1607900407240990601,0,1,41645,T,N,0,-149000000,1,4,18668,65470,NGJ1-NGV1
1607900407260031864,1607900407240990601,0,1,111311,T,N,0,2779000000,1,4,18668,65470,NGV1
1607900407264525391,1607900407258869513,0,1,215879,T,B,0,6000000,1,4,17299,65560,NGF1-NGH1
1607900407265055164,1607900407259172589,0,1,24512,T,B,0,11000000,1,4,18380,65572,NGH1-NGJ1
1607900407265394233,1607900407259181843,0,1,215880,T,B,0,13000000,1,4,18186,65574,NGG1-NGH1
1607900407266390226,1607900407259753317,0,1,215880,T,B,0,13000000,1,4,18155,65584,NGG1-NGH1
1607900407267246603,1607900407259834081,0,1,111299,T,A,0,2704000000,1,4,18493,65586,NGM1
1607900407270108200,1607900407260128871,0,1,204979,T,A,0,-14000000,4,4,17249,65636,NGJ1-NGK1
1607900407270214170,1607900407260401621,0,1,215880,T,B,0,13000000,1,4,22794,65641,NGG1-NGH1
1607900407270382851,1607900407260616057,0,1,215880,T,B,0,13000000,1,4,18903,65644,NGG1-NGH1
1607900407271011978,1607900407260990299,0,1,215880,T,B,0,13000000,1,4,18207,65646,NGG1-NGH1
1607900407271906085,1607900407261290685,0,1,215880,T,B,0,13000000,1,4,17681,65653,NGG1-NGH1
1607900407273692287,1607900407261499993,0,1,24512,T,A,0,10000000,1,4,18452,65660,NGH1-NGJ1
1607900407275477379,1607900407264569059,0,1,24512,T,B,0,10000000,2,4,17190,65727,NGH1-NGJ1
1607900407278720639,1607900407265492991,0,1,24512,T,N,0,11000000,1,4,21025,65762,NGH1-NGJ1
1607900407278720639,1607900407265492991,0,1,215880,T,N,0,12000000,3,4,21025,65762,NGG1-NGH1
1607900407278720639,1607900407265492991,0,1,111294,T,B,0,2657000000,2,4,21025,65762,NGH1
1607900407278720639,1607900407265492991,0,1,111294,T,B,0,2658000000,3,4,21025,65762,NGH1
1607900407278720639,1607900407265492991,0,1,111296,T,N,0,2647000000,1,4,21025,65762,NGJ1
1607900407278720639,1607900407265492991,0,1,111293,T,N,0,2669000000,1,4,21025,65762,NGG1
1607900407278720639,1607900407265492991,0,1,111293,T,N,0,2670000000,2,4,21025,65762,NGG1
1607900407279867537,1607900407266738229,0,1,24512,T,B,0,11000000,2,4,25015,65774,NGH1-NGJ1
1607900407281604759,1607900407270224273,0,1,111293,T,N,0,2670000000,1,4,18261,65785,NGG1
1607900407281604759,1607900407270224273,0,1,111294,T,N,0,2658000000,1,4,18261,65785,NGH1
1607900407281604759,1607900407270224273,0,1,215880,T,B,0,12000000,1,4,18261,65785,NGG1-NGH1
1607900407289048828,1607900407270640687,0,1,24512,T,B,0,11000000,1,4,20103,65793,NGH1-NGJ1
1607900407306765086,1607900407301533989,0,1,111296,T,B,0,2647000000,1,4,17347,65991,NGJ1
1607900407307374492,1607900407306662649,0,1,111291,T,A,0,2660000000,1,4,22407,66019,NGF1
1607900407355036452,1607900407349306837,0,1,111291,T,B,0,2662000000,1,4,17836,66200,NGF1
1607900407648040190,1607900407647507355,0,1,111291,T,B,0,2661000000,1,4,17859,66299,NGF1
1607900407893032573,1607900407892380505,0,1,111291,T,B,0,2662000000,1,4,17814,66346,NGF1
1607900408263753287,1607900408262995265,0,1,111291,T,B,0,2662000000,1,4,18595,66371,NGF1
1607900408425166100,1607900408423878341,0,1,111296,T,B,0,2646000000,1,132,19298,66380,NGJ1
1607900408425166100,1607900408423878341,0,1,24512,T,N,0,10000000,1,4,19298,66380,NGH1-NGJ1
1607900408425166100,1607900408423878341,0,1,111294,T,N,0,2656000000,1,4,19298,66380,NGH1
1607900408426300980,1607900408425473013,0,1,111294,T,B,0,2656000000,1,4,17618,66385,NGH1
1607900408695506840,1607900408694859535,0,1,111291,T,A,0,2660000000,4,4,18178,66424,NGF1
1607900408750623546,1607900408750132837,0,1,111291,T,A,0,2660000000,1,4,18033,66453,NGF1
1607900408765002109,1607900408764123409,0,1,24512,T,A,0,10000000,1,4,18730,66460,NGH1-NGJ1
1607900408765947900,1607900408765313833,0,1,24512,T,B,0,10000000,1,4,18195,66469,NGH1-NGJ1
1607900409112092144,1607900409110007421,0,1,111291,T,N,0,2661000000,2,4,18705,66609,NGF1
1607900409112092144,1607900409110007421,0,1,111294,T,A,0,2655000000,2,132,18705,66609,NGH1
1607900409112092144,1607900409110007421,0,1,215879,T,N,0,6000000,2,4,18705,66609,NGF1-NGH1
1607900409786606431,1607900409786049873,0,1,111291,T,A,0,2661000000,1,4,17666,66675,NGF1
1607900409791538663,1607900409791045443,0,1,111291,T,B,0,2661000000,1,4,17628,66684,NGF1
1607900410238002419,1607900410237456411,0,1,111291,T,A,0,2662000000,4,4,21759,66742,NGF1
1607900410238994099,1607900410238115289,0,1,111291,T,A,0,2662000000,1,4,18335,66750,NGF1
1607900410283406980,1607900410282360651,0,1,24512,T,B,0,10000000,8,4,18712,66789,NGH1-NGJ1
1607900410682825595,1607900410682209283,0,1,111291,T,A,0,2660000000,1,4,18144,66928,NGF1
1607900411234290011,1607900411233088001,0,1,111291,T,B,0,2661000000,1,4,22066,66987,NGF1
1607900411287136428,1607900411286593101,0,1,111291,T,A,0,2660000000,1,4,17533,67004,NGF1
1607900411929691612,1607900411929125823,0,1,111291,T,B,0,2661000000,1,4,17887,67040,NGF1
1607900412038047417,1607900412037551775,0,1,111291,T,B,0,2661000000,1,4,18951,67074,NGF1
1607900412095752671,1607900412095251351,0,1,111291,T,A,0,2660000000,1,4,17449,67111,NGF1
1607900412722257606,1607900412719430163,0,1,111291,T,A,0,2660000000,4,4,19309,67164,NGF1
1607900412725293241,1607900412723779075,0,1,24512,T,A,0,9000000,1,4,18524,67189,NGH1-NGJ1
1607900412756006315,1607900412755152457,0,1,24512,T,A,0,9000000,1,4,32583,67225,NGH1-NGJ1
1607900412780189134,1607900412779675655,0,1,111291,T,B,0,2660000000,1,4,18000,67233,NGF1
1607900412871072150,1607900412870466151,0,1,111291,T,A,0,2659000000,1,4,17969,67241,NGF1
1607900412967881575,1607900412967447899,0,1,111291,T,B,0,2660000000,2,4,17663,67246,NGF1
1607900413220256179,1607900413219540037,0,1,111291,T,A,0,2659000000,1,4,23190,67262,NGF1
1607900413394062742,1607900413392739005,0,1,62831,T,B,0,-57000000,22,4,19139,67306,NGM1-NGN1
1607900413848548218,1607900413847856141,0,1,111291,T,A,0,2659000000,1,4,17772,67567,NGF1
1607900414112115114,1607900414111601017,0,1,111291,T,A,0,2659000000,4,4,18540,67580,NGF1
1607900414112926512,1607900414112132377,0,1,215879,T,A,0,5000000,2,4,18656,67586,NGF1-NGH1
1607900414113433837,1607900414112321399,0,1,111291,T,B,0,2659000000,6,4,17354,67597,NGF1
1607900414239254973,1607900414238108359,0,1,24512,T,N,0,8000000,1,4,18488,67650,NGH1-NGJ1
1607900414239254973,1607900414238108359,0,1,111294,T,N,0,2654000000,1,4,18488,67650,NGH1
1607900414239254973,1607900414238108359,0,1,111296,T,B,0,2646000000,1,132,18488,67650,NGJ1
1607900414370016530,1607900414369294099,0,1,24512,T,A,0,8000000,6,4,18208,67666,NGH1-NGJ1
1607900414373012065,1607900414372382597,0,1,24512,T,B,0,8000000,3,4,18357,67750,NGH1-NGJ1
1607900414373801469,1607900414373147301,0,1,111291,T,A,0,2658000000,1,4,17593,67760,NGF1
1607900414406965464,1607900414405960411,0,1,24512,T,N,0,7000000,1,4,18271,67833,NGH1-NGJ1
1607900414406965464,1607900414405960411,0,1,111296,T,B,0,2646000000,1,132,18271,67833,NGJ1
1607900414406965464,1607900414405960411,0,1,111294,T,N,0,2653000000,1,4,18271,67833,NGH1
1607900414755223654,1607900414754517577,0,1,111291,T,B,0,2659000000,1,4,17922,67853,NGF1
1607900415205682896,1607900415204263121,0,1,24512,T,A,0,7000000,5,4,19948,68036,NGH1-NGJ1
1607900415400505244,1607900415399065525,0,1,24512,T,N,0,7000000,1,4,18193,68188,NGH1-NGJ1
1607900415400505244,1607900415399065525,0,1,111294,T,N,0,2653000000,1,4,18193,68188,NGH1
1607900415400505244,1607900415399065525,0,1,111296,T,B,0,2646000000,1,132,18193,68188,NGJ1
1607900415521855510,1607900415518506729,0,1,111291,T,A,0,2657000000,1,4,18578,68202,NGF1
1607900415548445135,1607900415547939099,0,1,111291,T,A,0,2657000000,1,4,18226,68244,NGF1
1607900415549009807,1607900415548504523,0,1,111291,T,A,0,2657000000,2,4,17672,68246,NGF1
1607900415549441143,1607900415549023151,0,1,111291,T,A,0,2657000000,2,4,17615,68250,NGF1
1607900415560084223,1607900415559653669,0,1,111291,T,A,0,2657000000,1,4,18384,68266,NGF1
1607900415561045922,1607900415560092389,0,1,111291,T,A,0,2657000000,1,132,18531,68270,NGF1
1607900415561045922,1607900415560092389,0,1,111293,T,N,0,2664000000,1,4,18531,68270,NGG1
1607900415561045922,1607900415560092389,0,1,15228,T,N,0,-7000000,1,4,18531,68270,NGF1-NGG1
1607900415562808148,1607900415562373057,0,1,111291,T,A,0,2656000000,1,4,17587,68303,NGF1
1607900415563241489,1607900415562817871,0,1,111291,T,A,0,2656000000,1,4,18176,68305,NGF1
1607900415563572399,1607900415562925301,0,1,111291,T,A,0,2656000000,1,4,17847,68312,NGF1
1607900415564075656,1607900415563469001,0,1,111293,T,A,0,2663000000,2,4,17772,68317,NGG1
1607900415566416718,1607900415564940631,0,1,111291,T,A,0,2656000000,1,4,18275,68351,NGF1
1607900415566872768,1607900415565198467,0,1,111296,T,A,0,2644000000,1,4,20049,68360,NGJ1
1607900415568317234,1607900415566886447,0,1,111291,T,A,0,2656000000,2,4,17768,68376,NGF1
1607900415569671936,1607900415568515203,0,1,111291,T,A,0,2656000000,6,4,18077,68391,NGF1
1607900415570355385,1607900415569681517,0,1,111291,T,A,0,2656000000,1,4,17303,68395,NGF1
1607900415577644743,1607900415577025055,0,1,111291,T,A,0,2656000000,3,4,17841,68452,NGF1
1607900415588058032,1607900415587603175,0,1,111291,T,A,0,2656000000,1,4,18238,68459,NGF1
1607900415596150211,1607900415594804101,0,1,111296,T,B,0,2645000000,2,4,19120,68466,NGJ1
1607900415596150211,1607900415594804101,0,1,111296,T,B,0,2646000000,1,4,19120,68466,NGJ1
1607900415596150211,1607900415594804101,0,1,111294,T,N,0,2651000000,1,4,19120,68466,NGH1
1607900415596150211,1607900415594804101,0,1,111294,T,N,0,2652000000,1,4,19120,68466,NGH1
1607900415596150211,1607900415594804101,0,1,24512,T,N,0,6000000,2,4,19120,68466,NGH1-NGJ1
1607900415596340119,1607900415595846281,0,1,111293,T,B,0,2663000000,1,4,19449,68473,NGG1
1607900415611759185,1607900415611225955,0,1,111294,T,A,0,2651000000,1,4,17464,68513,NGH1
1607900415612389765,1607900415611853905,0,1,111294,T,A,0,2651000000,1,4,18175,68518,NGH1
1607900415612959392,1607900415612485125,0,1,111294,T,A,0,2651000000,1,4,17553,68521,NGH1
1607900415614089824,1607900415613047279,0,1,111294,T,A,0,2651000000,1,4,17869,68523,NGH1
1607900415614640228,1607900415614099301,0,1,111294,T,A,0,2651000000,1,4,17520,68525,NGH1
1607900415624442569,1607900415624022163,0,1,111296,T,B,0,2646000000,1,4,18123,68531,NGJ1
1607900415638209022,1607900415637332141,0,1,62831,T,B,0,-57000000,13,4,18885,68534,NGM1-NGN1
1607900415654125221,1607900415652592509,0,1,111293,T,N,0,2662000000,1,4,21013,68619,NGG1
1607900415654125221,1607900415652592509,0,1,111293,T,N,0,2661000000,11,4,21013,68619,NGG1
1607900415654125221,1607900415652592509,0,1,111291,T,A,0,2656000000,8,4,21013,68619,NGF1
1607900415654125221,1607900415652592509,0,1,111291,T,A,0,2655000000,5,4,21013,68619,NGF1
1607900415654125221,1607900415652592509,0,1,111291,T,A,0,2654000000,20,4,21013,68619,NGF1
1607900415654125221,1607900415652592509,0,1,15228,T,N,0,-7000000,12,4,21013,68619,NGF1-NGG1
1607900415655789166,1607900415654154039,0,1,215879,T,A,0,4000000,3,4,19430,68639,NGF1-NGH1
1607900415656460106,1607900415654165067,0,1,215879,T,A,0,4000000,9,4,24152,68643,NGF1-NGH1
1607900415657353192,1607900415654180639,0,1,15228,T,A,0,-7000000,8,4,18330,68649,NGF1-NGG1
1607900415657461129,1607900415654407867,0,1,111293,T,A,0,2661000000,3,4,25396,68653,NGG1
1607900415658809192,1607900415655954219,0,1,215880,T,A,0,12000000,1,4,17281,68695,NGG1-NGH1
1607900415659421458,1607900415656210877,0,1,215880,T,A,0,12000000,1,4,17717,68699,NGG1-NGH1
1607900415662487909,1607900415658672213,0,1,111293,T,N,0,2662000000,2,4,20195,68746,NGG1
1607900415662487909,1607900415658672213,0,1,15228,T,N,0,-7000000,2,4,20195,68746,NGF1-NGG1
1607900415662487909,1607900415658672213,0,1,215879,T,N,0,5000000,1,4,20195,68746,NGF1-NGH1
1607900415662487909,1607900415658672213,0,1,111291,T,B,0,2655000000,6,4,20195,68746,NGF1
1607900415662487909,1607900415658672213,0,1,111294,T,N,0,2650000000,1,4,20195,68746,NGH1
1607900415662634856,1607900415659653529,0,1,111291,T,A,0,2654000000,4,4,19308,68757,NGF1
1607900415663382090,1607900415660815403,0,1,111291,T,B,0,2655000000,2,4,18673,68769,NGF1
1607900415663382090,1607900415660815403,0,1,111291,T,B,0,2656000000,6,4,18673,68769,NGF1
1607900415663382090,1607900415660815403,0,1,15228,T,N,0,-7000000,2,4,18673,68769,NGF1-NGG1
1607900415663382090,1607900415660815403,0,1,111293,T,N,0,2663000000,2,4,18673,68769,NGG1
1607900415665528357,1607900415663582713,0,1,111291,T,B,0,2655000000,1,4,18038,68823,NGF1
1607900415665929123,1607900415664232179,0,1,24512,T,B,0,7000000,2,4,18775,68829,NGH1-NGJ1
1607900415666427597,1607900415665416695,0,1,24512,T,B,0,7000000,3,4,17867,68839,NGH1-NGJ1
1607900415666864812,1607900415666354097,0,1,24512,T,B,0,7000000,2,4,18352,68841,NGH1-NGJ1
1607900415737980902,1607900415737310461,0,1,111291,T,B,0,2655000000,3,4,17798,68933,NGF1
1607900416275177724,1607900416274583883,0,1,111291,T,A,0,2653000000,1,4,18325,69125,NGF1
1607900416276922486,1607900416275285557,0,1,111291,T,A,0,2653000000,12,4,20362,69133,NGF1
1607900416276922486,1607900416275285557,0,1,111291,T,A,0,2652000000,2,4,20362,69133,NGF1
1607900416276922486,1607900416275285557,0,1,111293,T,N,0,2661000000,9,4,20362,69133,NGG1
1607900416276922486,1607900416275285557,0,1,111293,T,N,0,2660000000,1,4,20362,69133,NGG1
1607900416276922486,1607900416275285557,0,1,15228,T,N,0,-8000000,10,4,20362,69133,NGF1-NGG1
1607900416276922486,1607900416275285557,0,1,111294,T,N,0,2650000000,3,4,20362,69133,NGH1
1607900416276922486,1607900416275285557,0,1,215879,T,N,0,3000000,3,4,20362,69133,NGF1-NGH1
1607900416291545704,1607900416290938101,0,1,111291,T,B,0,2653000000,5,4,18546,69297,NGF1
1607900416292544342,1607900416291823171,0,1,111291,T,B,0,2654000000,3,4,17885,69318,NGF1
1607900416294084392,1607900416293467477,0,1,111291,T,A,0,2653000000,1,4,17426,69337,NGF1
1607900416378002092,1607900416377104245,0,1,111291,T,B,0,2654000000,1,4,18938,69397,NGF1
1607900416418984554,1607900416418578953,0,1,111291,T,A,0,2653000000,1,4,17640,69411,NGF1
1607900416579352810,1607900416578901925,0,1,111291,T,A,0,2653000000,1,4,17587,69444,NGF1
1607900416697836816,1607900416697381057,0,1,111291,T,A,0,2653000000,1,4,17520,69475,NGF1
1607900417064339354,1607900417063700929,0,1,111291,T,A,0,2654000000,2,4,18375,69544,NGF1
1607900417064339354,1607900417063700929,0,1,111291,T,A,0,2653000000,2,4,18375,69544,NGF1
1607900417146211981,1607900417144844637,0,1,111291,T,A,0,2653000000,5,4,19506,69595,NGF1
1607900417146211981,1607900417144844637,0,1,111291,T,A,0,2652000000,4,4,19506,69595,NGF1
1607900417146211981,1607900417144844637,0,1,111291,T,A,0,2651000000,1,4,19506,69595,NGF1
1607900417146211981,1607900417144844637,0,1,15228,T,N,0,-8000000,1,4,19506,69595,NGF1-NGG1
1607900417146211981,1607900417144844637,0,1,111293,T,N,0,2660000000,1,4,19506,69595,NGG1
1607900417149174883,1607900417148687407,0,1,111291,T,B,0,2653000000,1,4,16944,69666,NGF1
1607900417210882514,1607900417209855713,0,1,111291,T,B,0,2654000000,8,4,18771,69728,NGF1
1607900417223548032,1607900417223110147,0,1,111291,T,A,0,2654000000,1,4,17848,69765,NGF1
1607900417336440488,1607900417335941807,0,1,111291,T,A,0,2654000000,1,4,18509,69802,NGF1
1607900417559588365,1607900417559106215,0,1,111291,T,B,0,2654000000,1,4,17505,69826,NGF1
1607900418193864583,1607900418193166561,0,1,111291,T,A,0,2654000000,2,4,18555,69890,NGF1
1607900418194530867,1607900418193898313,0,1,111291,T,B,0,2654000000,2,4,17278,69896,NGF1
1607900418232103534,1607900418231646657,0,1,111291,T,B,0,2655000000,1,4,17992,69934,NGF1
1607900418701894335,1607900418701239899,0,1,111291,T,A,0,2654000000,2,4,17562,69971,NGF1
1607900418815167590,1607900418814584479,0,1,111294,T,B,0,2649000000,1,4,18019,70016,NGH1
1607900418815999016,1607900418815255821,0,1,215880,T,B,0,12000000,1,4,18742,70036,NGG1-NGH1
1607900418816448107,1607900418815259225,0,1,24512,T,B,0,7000000,4,4,17605,70038,NGH1-NGJ1
1607900418817766241,1607900418816458583,0,1,24512,T,B,0,7000000,3,4,17362,70096,NGH1-NGJ1
1607900418818084485,1607900418816458873,0,1,24512,T,B,0,7000000,2,4,18633,70098,NGH1-NGJ1
1607900419002599902,1607900419001670525,0,1,282784,T,B,0,9000000,2,4,18251,70217,NGQ1-NGU1
1607900419379679277,1607900419378890551,0,1,111291,T,B,0,2654000000,2,4,18046,70269,NGF1
1607900419379679277,1607900419378890551,0,1,111291,T,B,0,2655000000,2,4,18046,70269,NGF1
1607900419936973445,1607900419936480463,0,1,111291,T,A,0,2654000000,1,4,18211,70372,NGF1
1607900420277887433,1607900420277094447,0,1,111291,T,A,0,2654000000,2,4,18369,70410,NGF1
1607900420277887433,1607900420277094447,0,1,111291,T,A,0,2653000000,3,4,18369,70410,NGF1
1607900420723985150,1607900420723550573,0,1,111296,T,B,0,2643000000,1,4,17705,70547,NGJ1
1607900420957208812,1607900420956802257,0,1,111291,T,A,0,2653000000,1,4,17884,70597,NGF1
1607900421010256409,1607900421009731285,0,1,111291,T,A,0,2653000000,1,4,17915,70612,NGF1
1607900421010844416,1607900421010314711,0,1,111291,T,A,0,2653000000,5,4,20609,70616,NGF1
1607900421011906579,1607900421011113361,0,1,111291,T,B,0,2653000000,1,4,18407,70645,NGF1
1607900421012760475,1607900421011724755,0,1,111291,T,N,0,2653000000,1,4,18467,70668,NGF1
1607900421012760475,1607900421011724755,0,1,111293,T,A,0,2660000000,1,132,18467,70668,NGG1
1607900421012760475,1607900421011724755,0,1,15228,T,N,0,-7000000,1,4,18467,70668,NGF1-NGG1
1607900421013775236,1607900421012667253,0,1,111291,T,A,0,2653000000,1,4,17321,70695,NGF1
1607900421093942031,1607900421093409025,0,1,111291,T,A,0,2653000000,1,4,17906,70792,NGF1
1607900421094531036,1607900421094027765,0,1,111291,T,A,0,2653000000,1,4,17487,70797,NGF1
1607900421187926039,1607900421187366605,0,1,111291,T,A,0,2653000000,1,4,18031,70823,NGF1
1607900421729777596,1607900421729178361,0,1,111291,T,B,0,2654000000,1,4,17818,70881,NGF1
1607900422710440911,1607900422709904015,0,1,111291,T,A,0,2654000000,2,4,18155,70978,NGF1
1607900422888626344,1607900422888071827,0,1,111291,T,B,0,2654000000,1,4,17711,71011,NGF1
1607900422901688031,1607900422901055493,0,1,215880,T,B,0,13000000,1,4,18305,71066,NGG1-NGH1
1607900423318932332,1607900423318450667,0,1,111291,T,A,0,2654000000,1,4,18370,71147,NGF1
1607900424456009715,1607900424455059923,0,1,24512,T,B,0,8000000,5,4,18027,71767,NGH1-NGJ1
1607900425439285390,1607900425438657225,0,1,111291,T,A,0,2653000000,5,4,17909,72014,NGF1
1607900425439783386,1607900425439298109,0,1,111296,T,A,0,2642000000,1,4,17159,72016,NGJ1
1607900425440530300,1607900425439382673,0,1,111291,T,A,0,2653000000,3,4,17635,72032,NGF1
1607900426204196900,1607900426202588395,0,1,111291,T,B,0,2654000000,3,4,17962,72307,NGF1
1607900426204196900,1607900426202588395,0,1,111291,T,B,0,2655000000,1,4,17962,72307,NGF1
1607900426204896010,1607900426204253651,0,1,111291,T,A,0,2654000000,2,4,17740,72321,NGF1
1607900426209837108,1607900426207066461,0,1,111291,T,B,0,2654000000,1,4,17451,72440,NGF1
1607900427063155710,1607900427062615805,0,1,111291,T,B,0,2654000000,1,4,17455,72549,NGF1
1607900427509227782,1607900427508711741,0,1,111291,T,B,0,2654000000,1,4,20413,72710,NGF1
1607900427726767331,1607900427726309553,0,1,111294,T,B,0,2649000000,1,4,18195,72876,NGH1
1607900427889089070,1607900427888528369,0,1,111291,T,A,0,2653000000,1,4,17415,72936,NGF1
1607900428366313107,1607900428365482025,0,1,111291,T,A,0,2653000000,5,4,26807,72972,NGF1
1607900428662125721,1607900428661427841,0,1,111291,T,A,0,2653000000,18,4,18960,73169,NGF1
1607900428668783150,1607900428663499183,0,1,111291,T,B,0,2653000000,2,4,18976,73231,NGF1
1607900428669007375,1607900428664111101,0,1,111291,T,A,0,2653000000,2,4,22025,73236,NGF1
1607900428673360824,1607900428670939357,0,1,111291,T,B,0,2653000000,3,4,22473,73334,NGF1
1607900428673360824,1607900428670939357,0,1,15228,T,N,0,-7000000,1,4,22473,73334,NGF1-NGG1
1607900428673360824,1607900428670939357,0,1,111293,T,N,0,2660000000,1,4,22473,73334,NGG1
1607900428793580614,1607900428792950831,0,1,111291,T,A,0,2653000000,3,4,18298,73606,NGF1
1607900428917730264,1607900428917271815,0,1,111291,T,B,0,2654000000,1,4,17500,73619,NGF1
1607900429855752304,1607900429854760505,0,1,111291,T,A,0,2653000000,6,4,17882,74180,NGF1
1607900429857895083,1607900429856869787,0,1,111291,T,A,0,2653000000,1,4,18313,74209,NGF1
1607900429858458101,1607900429857954777,0,1,111291,T,A,0,2653000000,1,4,17206,74211,NGF1
1607900429858658358,1607900429857975125,0,1,111291,T,A,0,2653000000,1,4,17128,74214,NGF1
1607900429858851306,1607900429858069875,0,1,111291,T,A,0,2653000000,1,4,17839,74216,NGF1
1607900429859333314,1607900429858879543,0,1,111291,T,A,0,2653000000,3,4,17526,74219,NGF1
1607900429927192017,1607900429926503659,0,1,24512,T,B,0,9000000,5,4,19124,74315,NGH1-NGJ1
1607900429927947901,1607900429927200459,0,1,24512,T,B,0,9000000,1,4,23057,74317,NGH1-NGJ1
1607900430204840406,1607900430203259551,0,1,24512,T,A,0,9000000,1,4,19271,74610,NGH1-NGJ1
1607900430219209916,1607900430218489409,0,1,111291,T,B,0,2652000000,3,4,18367,74657,NGF1
1607900431331245072,1607900431330589593,0,1,111291,T,A,0,2652000000,2,4,18438,75216,NGF1
1607900431332663595,1607900431332093925,0,1,111291,T,A,0,2652000000,1,4,17847,75231,NGF1
1607900431343967191,1607900431332889355,0,1,111291,T,A,0,2651000000,1,4,17871,75254,NGF1
1607900431353056810,1607900431343979477,0,1,111294,T,A,0,2647000000,2,4,18057,75274,NGH1
1607900431354803703,1607900431348746031,0,1,111291,T,B,0,2651000000,2,4,19038,75321,NGF1
1607900431355001389,1607900431352913677,0,1,111291,T,A,0,2651000000,2,4,17813,75326,NGF1
1607900431359425120,1607900431357056819,0,1,111291,T,A,0,2651000000,2,4,22272,75425,NGF1
1607900431859710477,1607900431858763739,0,1,111294,T,N,0,2647000000,1,4,18657,75728,NGH1
1607900431859710477,1607900431858763739,0,1,111293,T,A,0,2659000000,1,132,18657,75728,NGG1
1607900431859710477,1607900431858763739,0,1,215880,T,N,0,12000000,1,4,18657,75728,NGG1-NGH1
1607900431860430926,1607900431859722793,0,1,215880,T,N,0,12000000,1,4,18644,75731,NGG1-NGH1
1607900431860430926,1607900431859722793,0,1,111293,T,A,0,2659000000,1,132,18644,75731,NGG1
1607900431860430926,1607900431859722793,0,1,111294,T,N,0,2647000000,1,4,18644,75731,NGH1
1607900432374277174,1607900432373672641,0,1,111291,T,A,0,2651000000,8,4,17560,76016,NGF1
1607900433293524183,1607900433290542215,0,1,111291,T,A,0,2650000000,1,4,23644,76282,NGF1
1607900433293533831,1607900433290542215,0,1,111291,T,A,0,2650000000,1,4,17487,76283,NGF1
1607900433296600788,1607900433295169659,0,1,111291,T,A,0,2650000000,2,4,17649,76302,NGF1
1607900433362586654,1607900433361996405,0,1,111291,T,A,0,2650000000,1,4,17493,76349,NGF1
1607900433414201430,1607900433413716673,0,1,111291,T,A,0,2650000000,1,4,22216,76367,NGF1
1607900433423957683,1607900433423545993,0,1,111291,T,A,0,2650000000,1,4,20184,76370,NGF1
1607900433538120314,1607900433537588417,0,1,111291,T,A,0,2650000000,1,4,20124,76384,NGF1
1607900433782554730,1607900433782061287,0,1,111291,T,B,0,2651000000,3,4,20372,76440,NGF1
1607900435015058264,1607900435014382861,0,1,111291,T,A,0,2650000000,1,4,19824,76563,NGF1
1607900435745512016,1607900435744932533,0,1,111291,T,A,0,2650000000,1,4,19422,76610,NGF1
1607900435761593483,1607900435761132129,0,1,111291,T,B,0,2650000000,2,4,18986,76644,NGF1
1607900437126458056,1607900437125943593,0,1,111291,T,A,0,2650000000,1,4,17636,76860,NGF1
1607900437127069778,1607900437126466147,0,1,111291,T,A,0,2650000000,1,4,18124,76864,NGF1
1607900437130296163,1607900437129805795,0,1,111291,T,A,0,2650000000,2,4,17540,76913,NGF1
1607900438661844663,1607900438661436185,0,1,111291,T,A,0,2650000000,2,4,19897,76996,NGF1
1607900438813770145,1607900438813335643,0,1,111291,T,A,0,2650000000,1,4,19707,77030,NGF1
1607900438886101946,1607900438885691501,0,1,111291,T,A,0,2650000000,1,4,18911,77034,NGF1
1607900438886688001,1607900438886275255,0,1,111291,T,B,0,2650000000,3,4,17665,77041,NGF1
1607900438888089902,1607900438886757099,0,1,111291,T,B,0,2650000000,1,4,17801,77062,NGF1
1607900439139440186,1607900439139022463,0,1,111291,T,A,0,2650000000,1,4,19690,77099,NGF1
1607900439964567467,1607900439963816173,0,1,63796,T,B,0,-104000000,1,4,20117,77142,NGF1-NGN1
1607900440229463741,1607900440228026613,0,1,111291,T,N,0,2650000000,2,4,21686,77273,NGF1
1607900440229463741,1607900440228026613,0,1,111294,T,N,0,2646000000,2,4,21686,77273,NGH1
1607900440229463741,1607900440228026613,0,1,111293,T,A,0,2657000000,4,132,21686,77273,NGG1
1607900440229463741,1607900440228026613,0,1,215880,T,N,0,11000000,2,4,21686,77273,NGG1-NGH1
1607900440229463741,1607900440228026613,0,1,15228,T,N,0,-7000000,2,4,21686,77273,NGF1-NGG1
1607900440246055878,1607900440245533243,0,1,111291,T,B,0,2651000000,5,4,18945,77316,NGF1
1607900440256666064,1607900440256259159,0,1,111291,T,B,0,2651000000,1,4,17203,77374,NGF1
1607900440307542234,1607900440306249843,0,1,111291,T,A,0,2651000000,2,4,21697,77423,NGF1
1607900440307542234,1607900440306249843,0,1,111291,T,A,0,2650000000,4,4,21697,77423,NGF1
1607900440307542234,1607900440306249843,0,1,15228,T,N,0,-8000000,2,4,21697,77423,NGF1-NGG1
1607900440307542234,1607900440306249843,0,1,111293,T,N,0,2658000000,2,4,21697,77423,NGG1
1607900440307542234,1607900440306249843,0,1,111294,T,N,0,2648000000,2,4,21697,77423,NGH1
1607900440307542234,1607900440306249843,0,1,215879,T,N,0,3000000,2,4,21697,77423,NGF1-NGH1
1607900440308977179,1607900440307769797,0,1,111291,T,B,0,2650000000,1,4,17456,77469,NGF1
1607900440360507838,1607900440359972849,0,1,111291,T,B,0,2651000000,1,4,21769,77556,NGF1
1607900440428567767,1607900440428168349,0,1,111291,T,A,0,2650000000,1,4,17143,77571,NGF1
1607900441185582652,1607900441185000509,0,1,24512,T,B,0,10000000,2,4,17878,77668,NGH1-NGJ1
1607900441186266675,1607900441185592853,0,1,24512,T,B,0,10000000,8,4,18813,77670,NGH1-NGJ1
1607900441681311130,1607900441680750891,0,1,111291,T,B,0,2651000000,1,4,18419,77845,NGF1
1607900441724500387,1607900441724122815,0,1,111291,T,A,0,2650000000,1,4,17308,77895,NGF1
1607900441755970776,1607900441755591609,0,1,111291,T,A,0,2650000000,1,4,18423,77899,NGF1
1607900442237277686,1607900442236834087,0,1,111294,T,A,0,2647000000,1,4,18383,78005,NGH1
1607900442450621634,1607900442450207419,0,1,111291,T,A,0,2651000000,1,4,18067,78009,NGF1
1607900444220798574,1607900444220219717,0,1,111291,T,A,0,2651000000,1,4,17513,78134,NGF1
1607900444734189562,1607900444733642705,0,1,111291,T,B,0,2652000000,1,4,17326,78145,NGF1
1607900445156747765,1607900445156189085,0,1,111291,T,B,0,2652000000,1,4,16926,78178,NGF1
1607900445468781225,1607900445467656971,0,1,111291,T,B,0,2653000000,1,4,18376,78210,NGF1
1607900445468895860,1607900445467957273,0,1,111291,T,B,0,2653000000,2,4,17325,78212,NGF1
1607900445470032438,1607900445469152563,0,1,111291,T,B,0,2653000000,1,4,18210,78238,NGF1
1607900445470591910,1607900445470050023,0,1,111291,T,B,0,2653000000,1,4,17215,78256,NGF1
1607900445472237870,1607900445471275591,0,1,111294,T,B,0,2649000000,1,4,17634,78295,NGH1
1607900445735503010,1607900445734808513,0,1,111291,T,B,0,2653000000,1,4,17264,78359,NGF1
1607900445735990062,1607900445735513747,0,1,111294,T,B,0,2649000000,1,4,18342,78368,NGH1
1607900447734527841,1607900447734025479,0,1,111294,T,B,0,2649000000,1,4,17696,78478,NGH1
1607900447735265299,1607900447734799571,0,1,111291,T,B,0,2653000000,1,4,17746,78485,NGF1
1607900448281470917,1607900448280838847,0,1,111291,T,B,0,2653000000,1,4,23396,78520,NGF1
1607900448656855665,1607900448655587361,0,1,111291,T,A,0,2652000000,4,4,19751,78537,NGF1
1607900449814756982,1607900449813835225,0,1,24512,T,B,0,11000000,18,4,20246,78651,NGH1-NGJ1
1607900449908605068,1607900449906826281,0,1,111291,T,A,0,2651000000,4,4,22860,78725,NGF1
1607900449908605068,1607900449906826281,0,1,111291,T,A,0,2650000000,13,4,22860,78725,NGF1
1607900449908605068,1607900449906826281,0,1,111294,T,N,0,2647000000,7,4,22860,78725,NGH1
1607900449908605068,1607900449906826281,0,1,215879,T,N,0,3000000,7,4,22860,78725,NGF1-NGH1
1607900449908605068,1607900449906826281,0,1,111293,T,N,0,2658000000,1,4,22860,78725,NGG1
1607900449908605068,1607900449906826281,0,1,15228,T,N,0,-8000000,1,4,22860,78725,NGF1-NGG1
1607900449910976663,1607900449909410075,0,1,24512,T,A,0,11000000,9,4,17265,78779,NGH1-NGJ1
1607900449925703033,1607900449924919359,0,1,111291,T,B,0,2650000000,7,4,17689,79077,NGF1
1607900449936671108,1607900449936300345,0,1,111291,T,A,0,2649000000,1,4,17420,79086,NGF1
1607900450065441630,1607900450065014861,0,1,111291,T,B,0,2649000000,2,4,17243,79200,NGF1
1607900450065943062,1607900450065537505,0,1,111291,T,A,0,2649000000,2,4,22753,79212,NGF1
1607900450066498503,1607900450066018633,0,1,111291,T,A,0,2649000000,2,4,17693,79225,NGF1
1607900450255123145,1607900450254730605,0,1,111291,T,B,0,2649000000,1,4,18057,79287,NGF1
1607900451422893829,1607900451422316745,0,1,111291,T,A,0,2648000000,1,4,18144,79406,NGF1
1607900451423623286,1607900451422929443,0,1,111291,T,A,0,2648000000,2,4,17216,79425,NGF1
1607900451623395182,1607900451622682765,0,1,215880,T,B,0,12000000,1,4,18911,79484,NGG1-NGH1
1607900452502767980,1607900452501379579,0,1,111291,T,N,0,2649000000,2,4,23754,79538,NGF1
1607900452502767980,1607900452501379579,0,1,24512,T,N,0,10000000,1,4,23754,79538,NGH1-NGJ1
1607900452502767980,1607900452501379579,0,1,111294,T,N,0,2646000000,1,4,23754,79538,NGH1
1607900452502767980,1607900452501379579,0,1,111296,T,B,0,2636000000,4,4,23754,79538,NGJ1
1607900452502767980,1607900452501379579,0,1,24441,T,N,0,13000000,2,4,23754,79538,NGF1-NGJ1
1607900452503946326,1607900452503150485,0,1,24441,T,N,0,13000000,2,4,18659,79563,NGF1-NGJ1
1607900452503946326,1607900452503150485,0,1,111296,T,N,0,2636000000,2,4,18659,79563,NGJ1
1607900452503946326,1607900452503150485,0,1,111291,T,A,0,2649000000,2,132,18659,79563,NGF1
1607900452504433758,1607900452503150939,0,1,121372,T,B,0,-45000000,1,4,17890,79565,NGK1-NGM1
1607900452504728756,1607900452503157899,0,1,111296,T,A,0,2636000000,1,4,18052,79567,NGJ1
1607900452505983859,1607900452503162339,0,1,111296,T,N,0,2636000000,1,4,19326,79570,NGJ1
1607900452505983859,1607900452503162339,0,1,111294,T,A,0,2646000000,1,132,19326,79570,NGH1
1607900452505983859,1607900452503162339,0,1,24512,T,N,0,10000000,1,4,19326,79570,NGH1-NGJ1
1607900452507727131,1607900452503604695,0,1,111296,T,N,0,2636000000,1,4,17724,79604,NGJ1
1607900452507727131,1607900452503604695,0,1,111291,T,A,0,2649000000,1,132,17724,79604,NGF1
1607900452507727131,1607900452503604695,0,1,24441,T,N,0,13000000,1,4,17724,79604,NGF1-NGJ1
1607900452508232548,1607900452506124095,0,1,111296,T,A,0,2636000000,1,4,16837,79617,NGJ1
1607900452510013833,1607900452507848307,0,1,111296,T,N,0,2636000000,2,4,17380,79662,NGJ1
1607900452510013833,1607900452507848307,0,1,24441,T,N,0,13000000,2,4,17380,79662,NGF1-NGJ1
1607900452510013833,1607900452507848307,0,1,111291,T,A,0,2649000000,2,132,17380,79662,NGF1
1607900452512109339,1607900452510730967,0,1,111291,T,N,0,2650000000,1,4,19355,79722,NGF1
1607900452512109339,1607900452510730967,0,1,24441,T,B,0,14000000,1,132,19355,79722,NGF1-NGJ1
1607900452512109339,1607900452510730967,0,1,111296,T,N,0,2636000000,1,4,19355,79722,NGJ1
1607900452512707151,1607900452512155257,0,1,24512,T,A,0,10000000,2,4,17524,79731,NGH1-NGJ1
1607900452567170031,1607900452566435181,0,1,111296,T,N,0,2636000000,1,4,18189,79764,NGJ1
1607900452567170031,1607900452566435181,0,1,24441,T,N,0,13000000,1,4,18189,79764,NGF1-NGJ1
1607900452567170031,1607900452566435181,0,1,111291,T,A,0,2649000000,2,4,18189,79764,NGF1
1607900452567364834,1607900452566439837,0,1,111296,T,A,0,2636000000,1,4,17653,79768,NGJ1
1607900452870898216,1607900452870020889,0,1,111296,T,N,0,2636000000,1,4,23908,79783,NGJ1
1607900452870898216,1607900452870020889,0,1,111291,T,N,0,2650000000,1,4,23908,79783,NGF1
1607900452870898216,1607900452870020889,0,1,24441,T,B,0,14000000,1,132,23908,79783,NGF1-NGJ1
1607900452998732909,1607900452997983455,0,1,24441,T,N,0,13000000,1,4,19257,79800,NGF1-NGJ1
1607900452998732909,1607900452997983455,0,1,111291,T,A,0,2649000000,1,4,19257,79800,NGF1
1607900452998732909,1607900452997983455,0,1,111296,T,N,0,2636000000,1,4,19257,79800,NGJ1
1607900453431581996,1607900453430830993,0,1,111296,T,N,0,2636000000,2,4,18346,79838,NGJ1
1607900453431581996,1607900453430830993,0,1,111291,T,A,0,2649000000,2,132,18346,79838,NGF1
1607900453431581996,1607900453430830993,0,1,24441,T,N,0,13000000,2,4,18346,79838,NGF1-NGJ1
1607900453457588605,1607900453456981957,0,1,24441,T,N,0,13000000,1,4,18489,79857,NGF1-NGJ1
1607900453457588605,1607900453456981957,0,1,111291,T,A,0,2649000000,1,4,18489,79857,NGF1
1607900453457588605,1607900453456981957,0,1,111296,T,N,0,2636000000,1,4,18489,79857,NGJ1
1607900453667468778,1607900453666805745,0,1,111296,T,N,0,2636000000,1,4,18265,79882,NGJ1
1607900453667468778,1607900453666805745,0,1,24512,T,N,0,10000000,1,4,18265,79882,NGH1-NGJ1
1607900453667468778,1607900453666805745,0,1,111294,T,A,0,2646000000,1,132,18265,79882,NGH1
1607900453810267403,1607900453805468149,0,1,111296,T,A,0,2636000000,88,4,19088,79946,NGJ1
1607900454005544282,1607900454003748715,0,1,111296,T,N,0,2636000000,1,4,20707,79998,NGJ1
1607900454005544282,1607900454003748715,0,1,111291,T,A,0,2649000000,1,132,20707,79998,NGF1
1607900454005544282,1607900454003748715,0,1,24441,T,N,0,13000000,1,4,20707,79998,NGF1-NGJ1
1607900454437791571,1607900454436179935,0,1,24441,T,N,0,13000000,8,4,23033,80038,NGF1-NGJ1
1607900454437791571,1607900454436179935,0,1,111291,T,A,0,2649000000,8,132,23033,80038,NGF1
1607900454437791571,1607900454436179935,0,1,111296,T,N,0,2636000000,8,4,23033,80038,NGJ1
1607900454685863718,1607900454685215227,0,1,111291,T,B,0,2650000000,1,4,18574,80081,NGF1
1607900454841939784,1607900454841190993,0,1,111296,T,N,0,2636000000,1,4,23303,80083,NGJ1
1607900454841939784,1607900454841190993,0,1,111294,T,A,0,2646000000,1,4,23303,80083,NGH1
1607900454841939784,1607900454841190993,0,1,24512,T,N,0,10000000,1,4,23303,80083,NGH1-NGJ1
1607900454842784710,1607900454842179835,0,1,24512,T,B,0,10000000,1,132,17537,80093,NGH1-NGJ1
1607900454842784710,1607900454842179835,0,1,111294,T,N,0,2646000000,1,4,17537,80093,NGH1
1607900454842784710,1607900454842179835,0,1,111296,T,N,0,2636000000,1,4,17537,80093,NGJ1
1607900455445813335,1607900455445324183,0,1,111298,T,B,0,2651000000,1,4,17601,80155,NGK1
1607900455447303086,1607900455446332931,0,1,111298,T,A,0,2651000000,1,4,17103,80188,NGK1
1607900455448049366,1607900455447320335,0,1,111298,T,A,0,2651000000,3,4,23381,80204,NGK1
1607900455995319470,1607900455993994065,0,1,111291,T,N,0,2649000000,1,4,20623,80315,NGF1
1607900455995319470,1607900455993994065,0,1,15228,T,N,0,-7000000,1,4,20623,80315,NGF1-NGG1
1607900455995319470,1607900455993994065,0,1,111293,T,A,0,2656000000,2,4,20623,80315,NGG1
1607900456126890592,1607900456126008377,0,1,111291,T,A,0,2649000000,5,4,18783,80337,NGF1
1607900456126890592,1607900456126008377,0,1,111296,T,N,0,2636000000,1,4,18783,80337,NGJ1
1607900456126890592,1607900456126008377,0,1,24441,T,N,0,13000000,1,4,18783,80337,NGF1-NGJ1
1607900456127354457,1607900456126918591,0,1,111296,T,A,0,2636000000,1,4,17077,80348,NGJ1
1607900456271198600,1607900456270752393,0,1,111291,T,B,0,2650000000,10,4,17612,80384,NGF1
1607900456280431620,1607900456272123247,0,1,111294,T,B,0,2646000000,1,4,17553,80407,NGH1
1607900456836363278,1607900456835915967,0,1,111291,T,A,0,2649000000,1,4,17568,80433,NGF1
1607900459134896904,1607900459133987383,0,1,111291,T,A,0,2649000000,1,4,22566,80525,NGF1
1607900459468539752,1607900459467850923,0,1,204979,T,B,0,-14000000,5,4,19692,80540,NGJ1-NGK1
1607900459778371661,1607900459777549491,0,1,111294,T,A,0,2645000000,1,4,30803,80680,NGH1
1607900459778371661,1607900459777549491,0,1,111296,T,N,0,2636000000,1,4,30803,80680,NGJ1
1607900459778371661,1607900459777549491,0,1,24512,T,N,0,9000000,1,4,30803,80680,NGH1-NGJ1
1607900460001031994,1607900460000429473,0,1,111293,T,A,0,2656000000,1,4,19827,80734,NGG1
1607900460472922869,1607900460471658975,0,1,111296,T,N,0,2636000000,1,4,18616,80755,NGJ1
1607900460472922869,1607900460471658975,0,1,111291,T,A,0,2649000000,2,4,18616,80755,NGF1
1607900460472922869,1607900460471658975,0,1,24441,T,N,0,13000000,1,4,18616,80755,NGF1-NGJ1
1607900460473643280,1607900460472941839,0,1,24441,T,N,0,13000000,2,4,17393,80761,NGF1-NGJ1
1607900460473643280,1607900460472941839,0,1,111291,T,A,0,2649000000,2,132,17393,80761,NGF1
1607900460473643280,1607900460472941839,0,1,111296,T,N,0,2636000000,2,4,17393,80761,NGJ1
1607900460474179506,1607900460473093569,0,1,111296,T,N,0,2636000000,2,4,22530,80769,NGJ1
1607900460474179506,1607900460473093569,0,1,111291,T,A,0,2649000000,2,132,22530,80769,NGF1
1607900460474179506,1607900460473093569,0,1,24441,T,N,0,13000000,2,4,22530,80769,NGF1-NGJ1
1607900460474812880,1607900460473970689,0,1,24441,T,N,0,13000000,2,4,18104,80783,NGF1-NGJ1
1607900460474812880,1607900460473970689,0,1,111291,T,A,0,2649000000,2,132,18104,80783,NGF1
1607900460474812880,1607900460473970689,0,1,111296,T,N,0,2636000000,2,4,18104,80783,NGJ1
1607900460475269794,1607900460474190235,0,1,111296,T,N,0,2636000000,2,4,18261,80786,NGJ1
1607900460475269794,1607900460474190235,0,1,111291,T,A,0,2649000000,2,132,18261,80786,NGF1
1607900460475269794,1607900460474190235,0,1,24441,T,N,0,13000000,2,4,18261,80786,NGF1-NGJ1
1607900460735680893,1607900460734975613,0,1,111296,T,N,0,2636000000,1,4,22546,80812,NGJ1
1607900460735680893,1607900460734975613,0,1,24512,T,N,0,9000000,1,4,22546,80812,NGH1-NGJ1
1607900460735680893,1607900460734975613,0,1,111294,T,A,0,2645000000,1,132,22546,80812,NGH1
1607900461808298155,1607900461807244085,0,1,111291,T,N,0,2649000000,1,4,20935,80839,NGF1
1607900461808298155,1607900461807244085,0,1,111293,T,A,0,2656000000,1,4,20935,80839,NGG1
1607900461808298155,1607900461807244085,0,1,111293,T,A,0,2655000000,1,4,20935,80839,NGG1
1607900461808298155,1607900461807244085,0,1,15228,T,N,0,-7000000,1,4,20935,80839,NGF1-NGG1
1607900462903676770,1607900462902673625,0,1,15228,T,B,0,-7000000,1,4,22924,80863,NGF1-NGG1
1607900462959336191,1607900462958499693,0,1,111291,T,A,0,2649000000,2,132,23300,80870,NGF1
1607900462959336191,1607900462958499693,0,1,111296,T,N,0,2636000000,2,4,23300,80870,NGJ1
1607900462959336191,1607900462958499693,0,1,24441,T,N,0,13000000,2,4,23300,80870,NGF1-NGJ1
1607900463039225392,1607900463038649485,0,1,15228,T,B,0,-7000000,1,4,20273,80875,NGF1-NGG1
1607900463191288761,1607900463190724499,0,1,15228,T,B,0,-7000000,1,4,23103,80888,NGF1-NGG1
1607900463271097049,1607900463270531439,0,1,15228,T,B,0,-7000000,1,4,20316,80895,NGF1-NGG1
1607900463351379595,1607900463350625761,0,1,24441,T,N,0,13000000,1,4,19092,80929,NGF1-NGJ1
1607900463351379595,1607900463350625761,0,1,111296,T,N,0,2636000000,1,4,19092,80929,NGJ1
1607900463351379595,1607900463350625761,0,1,111291,T,A,0,2649000000,1,132,19092,80929,NGF1
1607900463383137002,1607900463382609763,0,1,111293,T,A,0,2655000000,7,4,22345,80932,NGG1
1607900463391288287,1607900463390690669,0,1,15228,T,B,0,-7000000,1,4,17735,80937,NGF1-NGG1
1607900463519240319,1607900463518686727,0,1,15228,T,B,0,-7000000,1,4,22681,80959,NGF1-NGG1
1607900465710835903,1607900465710286825,0,1,215880,T,B,0,12000000,1,4,22515,81043,NGG1-NGH1
1607900466363647513,1607900466362607479,0,1,111291,T,A,0,2649000000,2,4,19241,81085,NGF1
1607900466363647513,1607900466362607479,0,1,111296,T,N,0,2636000000,1,4,19241,81085,NGJ1
1607900466363647513,1607900466362607479,0,1,24441,T,N,0,13000000,1,4,19241,81085,NGF1-NGJ1
1607900466364272043,1607900466363656149,0,1,24441,T,N,0,13000000,1,4,18482,81089,NGF1-NGJ1
1607900466364272043,1607900466363656149,0,1,111296,T,N,0,2636000000,1,4,18482,81089,NGJ1
1607900466364272043,1607900466363656149,0,1,111291,T,A,0,2649000000,1,132,18482,81089,NGF1
1607900466497157715,1607900466496595777,0,1,111293,T,A,0,2656000000,1,4,19855,81106,NGG1
1607900466497157715,1607900466496595777,0,1,111293,T,A,0,2655000000,1,4,19855,81106,NGG1
1607900467439204767,1607900467438190765,0,1,121372,T,B,0,-44000000,23,4,24102,81127,NGK1-NGM1
1607900467441047169,1607900467439266287,0,1,121372,T,A,0,-44000000,6,4,18195,81167,NGK1-NGM1
1607900467441722139,1607900467441064171,0,1,121372,T,A,0,-44000000,1,4,17709,81177,NGK1-NGM1
1607900467549455776,1607900467548500403,0,1,121372,T,B,0,-43000000,1,4,17810,81243,NGK1-NGM1
1607900467626624993,1607900467625863783,0,1,111291,T,A,0,2649000000,1,4,17624,81249,NGF1
1607900472074464023,1607900472072870373,0,1,111291,T,A,0,2649000000,2,132,18332,81315,NGF1
1607900472074464023,1607900472072870373,0,1,111296,T,N,0,2636000000,2,4,18332,81315,NGJ1
1607900472074464023,1607900472072870373,0,1,24441,T,N,0,13000000,2,4,18332,81315,NGF1-NGJ1
1607900472075019009,1607900472074477531,0,1,24441,T,A,0,13000000,1,4,27527,81325,NGF1-NGJ1
1607900472075910449,1607900472074785791,0,1,24441,T,N,0,13000000,2,4,18082,81344,NGF1-NGJ1
1607900472075910449,1607900472074785791,0,1,111296,T,N,0,2636000000,2,4,18082,81344,NGJ1
1607900472075910449,1607900472074785791,0,1,111291,T,A,0,2649000000,2,132,18082,81344,NGF1
1607900472076413109,1607900472075057343,0,1,24441,T,A,0,13000000,3,4,18286,81348,NGF1-NGJ1
1607900472076851829,1607900472075905047,0,1,24512,T,A,0,9000000,6,4,17415,81353,NGH1-NGJ1
1607900472077152401,1607900472075911999,0,1,24512,T,A,0,9000000,3,4,18223,81355,NGH1-NGJ1
1607900472077557817,1607900472075920619,0,1,24441,T,A,0,13000000,6,4,25044,81357,NGF1-NGJ1
1607900472098967246,1607900472098282055,0,1,111291,T,B,0,2649000000,1,4,17983,81451,NGF1
1607900473975167416,1607900473973669119,0,1,111291,T,B,0,2649000000,5,4,19890,81552,NGF1
1607900473975258365,1607900473974748783,0,1,111299,T,B,0,2695000000,1,4,24700,81555,NGM1
1607900474405593872,1607900474405122451,0,1,111291,T,B,0,2649000000,2,4,22806,81626,NGF1
1607900474406506970,1607900474405749537,0,1,111291,T,A,0,2649000000,1,4,17622,81635,NGF1
1607900475185909412,1607900475185339503,0,1,111291,T,A,0,2648000000,2,4,22052,81698,NGF1
1607900475185909412,1607900475185339503,0,1,111291,T,A,0,2647000000,1,4,22052,81698,NGF1
1607900475884279370,1607900475881853677,0,1,111291,T,B,0,2650000000,15,4,25031,81760,NGF1
1607900475884279370,1607900475881853677,0,1,111291,T,B,0,2651000000,6,4,25031,81760,NGF1
1607900475884279370,1607900475881853677,0,1,111293,T,N,0,2657000000,1,4,25031,81760,NGG1
1607900475884279370,1607900475881853677,0,1,111293,T,N,0,2658000000,3,4,25031,81760,NGG1
1607900475884279370,1607900475881853677,0,1,15228,T,N,0,-7000000,4,4,25031,81760,NGF1-NGG1
1607900475884279370,1607900475881853677,0,1,111294,T,N,0,2646000000,1,4,25031,81760,NGH1
1607900475884279370,1607900475881853677,0,1,215879,T,N,0,5000000,1,4,25031,81760,NGF1-NGH1
1607900475888677738,1607900475886588075,0,1,111291,T,B,0,2652000000,2,4,17178,81859,NGF1
1607900475888981595,1607900475887168669,0,1,111291,T,B,0,2652000000,1,132,17774,81868,NGF1
1607900475888981595,1607900475887168669,0,1,15228,T,N,0,-7000000,1,4,17774,81868,NGF1-NGG1
1607900475888981595,1607900475887168669,0,1,111293,T,N,0,2659000000,1,4,17774,81868,NGG1
1607900477425647228,1607900477424914949,0,1,215880,T,B,0,12000000,1,4,18875,82169,NGG1-NGH1
1607900477842187494,1607900477841721653,0,1,111291,T,B,0,2653000000,2,4,17876,82227,NGF1
1607900477842582404,1607900477842230313,0,1,111291,T,B,0,2653000000,1,4,16854,82231,NGF1
1607900477845731683,1607900477845215201,0,1,111291,T,B,0,2653000000,1,4,19284,82304,NGF1
1607900477846153706,1607900477845742091,0,1,111291,T,B,0,2653000000,2,4,17445,82311,NGF1
1607900477857698835,1607900477857318013,0,1,111291,T,B,0,2653000000,1,4,17722,82321,NGF1
1607900479531710140,1607900479530594125,0,1,111293,T,N,0,2661000000,1,4,18082,82366,NGG1
1607900479531710140,1607900479530594125,0,1,111296,T,N,0,2639000000,1,4,18082,82366,NGJ1
1607900479531710140,1607900479530594125,0,1,24463,T,B,0,22000000,1,132,18082,82366,NGG1-NGJ1
1607900479720432862,1607900479720067867,0,1,111291,T,B,0,2653000000,1,4,17107,82393,NGF1
1607900479915654726,1607900479915304623,0,1,111291,T,B,0,2653000000,1,4,17688,82413,NGF1
1607900480398944899,1607900480398592935,0,1,111291,T,A,0,2652000000,1,4,17142,82428,NGF1
1607900480798594668,1607900480796391233,0,1,111296,T,N,0,2640000000,1,4,23274,82432,NGJ1
1607900480798594668,1607900480796391233,0,1,111294,T,A,0,2648000000,2,4,23274,82432,NGH1
1607900480798594668,1607900480796391233,0,1,24512,T,N,0,8000000,1,4,23274,82432,NGH1-NGJ1
1607900481790925845,1607900481790423609,0,1,111291,T,B,0,2654000000,3,4,18713,82454,NGF1
1607900483224576324,1607900483224219165,0,1,111293,T,A,0,2660000000,1,4,18848,82618,NGG1
1607900484088698804,1607900484088231489,0,1,111293,T,A,0,2659000000,1,4,22679,82882,NGG1
1607900486321634598,1607900486321249471,0,1,111291,T,A,0,2652000000,1,4,17454,82977,NGF1
1607900487792122192,1607900487791707493,0,1,111291,T,A,0,2652000000,2,4,17876,83021,NGF1
1607900487793848462,1607900487792836853,0,1,111291,T,A,0,2652000000,1,4,17821,83061,NGF1
1607900492439897589,1607900492439354427,0,1,111294,T,B,0,2649000000,1,4,23991,83237,NGH1
1607900493307048976,1607900493306546763,0,1,111291,T,A,0,2652000000,1,4,18492,83263,NGF1
1607900494516796216,1607900494515861109,0,1,111294,T,A,0,2647000000,2,132,19278,83279,NGH1
1607900494516796216,1607900494515861109,0,1,24512,T,N,0,8000000,2,4,19278,83279,NGH1-NGJ1
1607900494516796216,1607900494515861109,0,1,111296,T,N,0,2639000000,2,4,19278,83279,NGJ1
1607900495311793215,1607900495311222195,0,1,111291,T,A,0,2651000000,1,4,23204,83312,NGF1
1607900497867270871,1607900497866324089,0,1,111293,T,N,0,2660000000,1,4,21306,83431,NGG1
1607900497867270871,1607900497866324089,0,1,111298,T,N,0,2652000000,1,4,21306,83431,NGK1
1607900497867270871,1607900497866324089,0,1,204962,T,B,0,8000000,1,132,21306,83431,NGG1-NGK1
1607900497868344895,1607900497867491931,0,1,121372,T,A,0,-44000000,2,4,17316,83440,NGK1-NGM1
1607900497868921421,1607900497868355647,0,1,121372,T,A,0,-44000000,6,4,17972,83445,NGK1-NGM1
1607900497869252406,1607900497868383817,0,1,121372,T,A,0,-44000000,3,4,18558,83447,NGK1-NGM1
1607900498256076827,1607900498255669639,0,1,111291,T,A,0,2651000000,1,4,23560,83488,NGF1
1607900499994641415,1607900499994025507,0,1,111296,T,A,0,2640000000,1,4,17688,83532,NGJ1
1607900501677741624,1607900501677089379,0,1,111291,T,A,0,2651000000,1,4,18048,83818,NGF1
1607900501678189784,1607900501677781389,0,1,111291,T,A,0,2651000000,1,4,17161,83830,NGF1
1607900501678671911,1607900501678226225,0,1,111291,T,A,0,2651000000,2,4,17088,83837,NGF1
1607900501708785161,1607900501708067111,0,1,111296,T,B,0,2640000000,1,132,18054,83861,NGJ1
1607900501708785161,1607900501708067111,0,1,24512,T,N,0,8000000,1,4,18054,83861,NGH1-NGJ1
1607900501708785161,1607900501708067111,0,1,111294,T,N,0,2648000000,1,4,18054,83861,NGH1
1607900502919076092,1607900502918649607,0,1,111291,T,A,0,2651000000,1,4,17477,83943,NGF1
1607900504883811563,1607900504882705681,0,1,111294,T,N,0,2648000000,2,4,18331,83987,NGH1
1607900504883811563,1607900504882705681,0,1,24512,T,N,0,8000000,2,4,18331,83987,NGH1-NGJ1
1607900504883811563,1607900504882705681,0,1,111296,T,B,0,2640000000,2,132,18331,83987,NGJ1
1607900506131465144,1607900506130778373,0,1,111291,T,N,0,2651000000,1,4,17852,84040,NGF1
1607900506131465144,1607900506130778373,0,1,111293,T,A,0,2658000000,1,132,17852,84040,NGG1
1607900506131465144,1607900506130778373,0,1,15228,T,N,0,-7000000,1,4,17852,84040,NGF1-NGG1
1607900506338944815,1607900506338578143,0,1,111291,T,A,0,2651000000,1,4,17752,84059,NGF1
1607900506792410165,1607900506791863107,0,1,24512,T,B,0,9000000,1,4,17290,84072,NGH1-NGJ1
1607900506793325610,1607900506792419351,0,1,24512,T,B,0,9000000,4,4,17291,84074,NGH1-NGJ1
1607900506811679668,1607900506810166233,0,1,24512,T,A,0,9000000,1,4,17779,84141,NGH1-NGJ1
1607900508699416734,1607900508698883853,0,1,111291,T,A,0,2651000000,1,4,23209,84205,NGF1
1607900508906980551,1607900508906620913,0,1,111291,T,A,0,2651000000,1,4,23167,84213,NGF1
1607900512605714231,1607900512605298713,0,1,111291,T,A,0,2651000000,1,4,22563,84243,NGF1
1607900514610706232,1607900514610059179,0,1,215880,T,B,0,13000000,3,4,17511,84326,NGG1-NGH1
1607900516339332357,1607900516337582141,0,1,111291,T,N,0,2652000000,3,4,25653,84387,NGF1
1607900516339332357,1607900516337582141,0,1,24512,T,N,0,8000000,1,4,25653,84387,NGH1-NGJ1
1607900516339332357,1607900516337582141,0,1,111293,T,N,0,2660000000,3,4,25653,84387,NGG1
1607900516339332357,1607900516337582141,0,1,111296,T,B,0,2641000000,8,4,25653,84387,NGJ1
1607900516339332357,1607900516337582141,0,1,111294,T,N,0,2649000000,1,4,25653,84387,NGH1
1607900516339332357,1607900516337582141,0,1,24463,T,N,0,19000000,3,4,25653,84387,NGG1-NGJ1
1607900516339332357,1607900516337582141,0,1,24441,T,N,0,11000000,3,4,25653,84387,NGF1-NGJ1
1607900516339834570,1607900516338952735,0,1,24512,T,A,0,8000000,1,4,20736,84398,NGH1-NGJ1
1607900516339850641,1607900516338968291,0,1,215879,T,A,0,4000000,1,4,18925,84399,NGF1-NGH1
1607900516340208433,1607900516339107953,0,1,15228,T,A,0,-8000000,1,4,21142,84408,NGF1-NGG1
1607900516340243868,1607900516339259803,0,1,15228,T,A,0,-8000000,1,4,18437,84410,NGF1-NGG1
1607900516340517140,1607900516339391179,0,1,111291,T,B,0,2652000000,1,4,22123,84416,NGF1
1607900516340840287,1607900516339611203,0,1,215880,T,A,0,12000000,1,4,17553,84426,NGG1-NGH1
1607900516341040290,1607900516339626051,0,1,24512,T,A,0,8000000,1,4,17619,84428,NGH1-NGJ1
1607900516341242969,1607900516339632601,0,1,24512,T,A,0,8000000,1,4,16922,84430,NGH1-NGJ1
1607900516341421224,1607900516339636735,0,1,215880,T,A,0,12000000,1,4,17164,84432,NGG1-NGH1
1607900517191698007,1607900517191185213,0,1,111291,T,B,0,2653000000,4,4,17755,84690,NGF1
1607900517192198194,1607900517191715329,0,1,111291,T,B,0,2653000000,2,4,17661,84699,NGF1
1607900517192311629,1607900517191731423,0,1,111291,T,B,0,2653000000,1,4,17296,84701,NGF1
1607900517195153541,1607900517193889037,0,1,111291,T,B,0,2653000000,1,4,17197,84760,NGF1
1607900517197911463,1607900517195269213,0,1,111291,T,B,0,2653000000,2,4,17566,84823,NGF1
1607900517718281455,1607900517717911511,0,1,111291,T,A,0,2652000000,1,4,18568,84871,NGF1
1607900518659977495,1607900518659601905,0,1,111291,T,B,0,2653000000,3,4,19175,84898,NGF1
1607900518661387279,1607900518661007873,0,1,111291,T,B,0,2653000000,1,4,17632,84916,NGF1
1607900521228208556,1607900521226864651,0,1,24463,T,N,0,19000000,1,4,18059,85071,NGG1-NGJ1
1607900521228208556,1607900521226864651,0,1,111296,T,N,0,2641000000,1,4,18059,85071,NGJ1
1607900521228208556,1607900521226864651,0,1,111293,T,A,0,2660000000,1,132,18059,85071,NGG1
1607900521230989389,1607900521228224539,0,1,111293,T,A,0,2660000000,1,132,17967,85073,NGG1
1607900521230989389,1607900521228224539,0,1,111296,T,N,0,2641000000,1,4,17967,85073,NGJ1
1607900521230989389,1607900521228224539,0,1,24463,T,N,0,19000000,1,4,17967,85073,NGG1-NGJ1
1607900521231226809,1607900521229201331,0,1,215880,T,A,0,12000000,1,4,17340,85081,NGG1-NGH1
1607900521231261022,1607900521229212425,0,1,24512,T,A,0,8000000,1,4,17681,85083,NGH1-NGJ1
1607900522340718351,1607900522340319999,0,1,111291,T,B,0,2653000000,1,4,23066,85152,NGF1
1607900522382793776,1607900522381977617,0,1,111291,T,A,0,2652000000,2,4,18273,85158,NGF1
1607900522382793776,1607900522381977617,0,1,111296,T,N,0,2641000000,1,4,18273,85158,NGJ1
1607900522382793776,1607900522381977617,0,1,24441,T,N,0,11000000,1,4,18273,85158,NGF1-NGJ1
1607900522383359178,1607900522382768401,0,1,24512,T,A,0,8000000,1,4,18982,85163,NGH1-NGJ1
1607900522383647844,1607900522382778049,0,1,215879,T,A,0,4000000,1,4,17061,85165,NGF1-NGH1
1607900522383941143,1607900522382825383,0,1,24441,T,N,0,11000000,1,4,23846,85167,NGF1-NGJ1
1607900522383941143,1607900522382825383,0,1,111296,T,N,0,2641000000,1,4,23846,85167,NGJ1
1607900522383941143,1607900522382825383,0,1,111291,T,A,0,2652000000,1,132,23846,85167,NGF1
1607900522384599223,1607900522384148039,0,1,15228,T,A,0,-8000000,1,4,17097,85195,NGF1-NGG1
1607900522385180681,1607900522384184219,0,1,215880,T,A,0,12000000,1,4,18368,85198,NGG1-NGH1
1607900522385215483,1607900522384196303,0,1,24512,T,A,0,8000000,1,4,24646,85199,NGH1-NGJ1
1607900523306848004,1607900523305872687,0,1,111291,T,B,0,2653000000,1,4,17852,85387,NGF1
1607900523307517051,1607900523306919985,0,1,111291,T,B,0,2653000000,1,4,17658,85392,NGF1
1607900523307585127,1607900523307175443,0,1,111291,T,B,0,2653000000,1,4,18129,85396,NGF1
1607900523383303590,1607900523382827751,0,1,111291,T,A,0,2653000000,1,4,17393,85509,NGF1
1607900524911145575,1607900524909823075,0,1,111291,T,B,0,2654000000,1,4,18344,85577,NGF1
1607900526639344386,1607900526638515249,0,1,15228,T,B,0,-7000000,1,4,18275,85713,NGF1-NGG1
1607900528290344238,1607900528289819733,0,1,111291,T,A,0,2653000000,1,4,18581,85739,NGF1
1607900529909374848,1607900529908490547,0,1,111291,T,N,0,2654000000,1,4,18453,85810,NGF1
1607900529909374848,1607900529908490547,0,1,15228,T,N,0,-8000000,1,4,18453,85810,NGF1-NGG1
1607900529909374848,1607900529908490547,0,1,111293,T,B,0,2662000000,1,132,18453,85810,NGG1
1607900537752805188,1607900537751612925,0,1,111291,T,B,0,2654000000,2,4,17755,85947,NGF1
1607900538899199858,1607900538898347519,0,1,111291,T,B,0,2654000000,5,4,23586,85989,NGF1
1607900538899723775,1607900538899225481,0,1,111291,T,B,0,2654000000,1,4,17263,85995,NGF1
1607900539547135517,1607900539546639145,0,1,111291,T,A,0,2654000000,2,4,23098,86074,NGF1
1607900541512625679,1607900541511828475,0,1,111291,T,B,0,2655000000,1,4,17665,86120,NGF1
1607900541541846297,1607900541541362993,0,1,111291,T,A,0,2654000000,1,4,17276,86130,NGF1
1607900544430209085,1607900544428709931,0,1,111291,T,N,0,2655000000,2,4,19651,86183,NGF1
1607900544430209085,1607900544428709931,0,1,111296,T,B,0,2644000000,3,4,19651,86183,NGJ1
1607900544430209085,1607900544428709931,0,1,24441,T,N,0,11000000,2,4,19651,86183,NGF1-NGJ1
1607900544430209085,1607900544428709931,0,1,111298,T,N,0,2657000000,1,4,19651,86183,NGK1
1607900544430209085,1607900544428709931,0,1,204979,T,N,0,-13000000,1,4,19651,86183,NGJ1-NGK1
1607900544430745244,1607900544430118069,0,1,24512,T,A,0,8000000,1,4,17755,86191,NGH1-NGJ1
1607900544431025005,1607900544430127665,0,1,215879,T,A,0,4000000,1,4,18537,86193,NGF1-NGH1
1607900544431489735,1607900544430320949,0,1,15228,T,A,0,-8000000,1,4,23167,86207,NGF1-NGG1
1607900544431686043,1607900544430335253,0,1,215880,T,A,0,12000000,1,4,17081,86208,NGG1-NGH1
1607900544431934684,1607900544430358895,0,1,24512,T,A,0,8000000,1,4,18217,86210,NGH1-NGJ1
1607900544433688886,1607900544430726841,0,1,143984,T,B,0,3059000000,1,4,24390,86223,NGF2
1607900544433688886,1607900544430726841,0,1,154903,T,N,0,2842000000,1,4,24390,86223,NGH2
1607900544433688886,1607900544430726841,0,1,307492,T,N,0,217000000,1,4,24390,86223,NGF2-NGH2
1607900544447971358,1607900544447399295,0,1,41645,T,B,0,-149000000,1,4,17820,86578,NGJ1-NGV1
1607900545652212269,1607900545651393667,0,1,41645,T,B,0,-149000000,1,4,18554,86763,NGJ1-NGV1
1607900545752277299,1607900545751726211,0,1,111291,T,A,0,2655000000,3,4,18446,86777,NGF1
1607900545753585919,1607900545753164821,0,1,111291,T,A,0,2655000000,1,4,18939,86780,NGF1
1607900546890193961,1607900546889217429,0,1,111296,T,N,0,2644000000,1,4,19563,86861,NGJ1
1607900546890193961,1607900546889217429,0,1,111293,T,N,0,2664000000,1,4,19563,86861,NGG1
1607900546890193961,1607900546889217429,0,1,24463,T,B,0,20000000,1,132,19563,86861,NGG1-NGJ1
1607900547936877973,1607900547936235569,0,1,111291,T,A,0,2655000000,1,4,20996,86892,NGF1
1607900548265184603,1607900548263869703,0,1,111296,T,N,0,2644000000,3,4,24075,86899,NGJ1
1607900548265184603,1607900548263869703,0,1,41645,T,N,0,-149000000,1,4,24075,86899,NGJ1-NGV1
1607900548265184603,1607900548263869703,0,1,41645,T,N,0,-148000000,2,4,24075,86899,NGJ1-NGV1
1607900548265184603,1607900548263869703,0,1,111311,T,A,0,2793000000,1,4,24075,86899,NGV1
1607900548265184603,1607900548263869703,0,1,111311,T,A,0,2792000000,2,132,24075,86899,NGV1
1607900548265672519,1607900548265247121,0,1,111296,T,A,0,2644000000,1,4,17594,86907,NGJ1
1607900548266122139,1607900548265249811,0,1,111296,T,N,0,2644000000,1,4,19288,86909,NGJ1
1607900548266122139,1607900548265249811,0,1,111311,T,A,0,2791000000,1,132,19288,86909,NGV1
1607900548266122139,1607900548265249811,0,1,41645,T,N,0,-147000000,1,4,19288,86909,NGJ1-NGV1
1607900548266620017,1607900548265666925,0,1,215879,T,A,0,4000000,1,4,17398,86919,NGF1-NGH1
1607900548267092682,1607900548265670537,0,1,24512,T,A,0,8000000,1,4,17968,86921,NGH1-NGJ1
1607900549459104686,1607900549458139479,0,1,307492,T,N,0,217000000,1,4,18430,87333,NGF2-NGH2
1607900549459104686,1607900549458139479,0,1,154903,T,N,0,2842000000,1,4,18430,87333,NGH2
1607900549459104686,1607900549458139479,0,1,143984,T,B,0,3059000000,1,4,18430,87333,NGF2
1607900550199049115,1607900550198198259,0,1,111291,T,B,0,2656000000,1,4,26161,87713,NGF1
1607900551573058076,1607900551572176545,0,1,111291,T,N,0,2656000000,1,4,25682,87768,NGF1
1607900551573058076,1607900551572176545,0,1,215879,T,N,0,4000000,1,4,25682,87768,NGF1-NGH1
1607900551573058076,1607900551572176545,0,1,111294,T,B,0,2652000000,1,132,25682,87768,NGH1
1607900552350772850,1607900552350333743,0,1,111291,T,A,0,2655000000,1,4,24652,87822,NGF1
1607900552755388483,1607900552754850849,0,1,111291,T,B,0,2656000000,1,4,27434,87826,NGF1
1607900552937462694,1607900552936886445,0,1,24512,T,B,0,9000000,5,4,18589,87835,NGH1-NGJ1
1607900552938046924,1607900552937474325,0,1,24512,T,A,0,9000000,5,4,19567,87838,NGH1-NGJ1
1607900552938735373,1607900552937679969,0,1,111291,T,N,0,2656000000,1,4,20826,87848,NGF1
1607900552938735373,1607900552937679969,0,1,111296,T,N,0,2644000000,1,4,20826,87848,NGJ1
1607900552938735373,1607900552937679969,0,1,24441,T,B,0,12000000,1,4,20826,87848,NGF1-NGJ1
1607900552939110308,1607900552937726333,0,1,24441,T,B,0,12000000,1,4,18081,87857,NGF1-NGJ1
1607900552939110308,1607900552937726333,0,1,111296,T,N,0,2644000000,1,4,18081,87857,NGJ1
1607900552939110308,1607900552937726333,0,1,111291,T,N,0,2656000000,1,4,18081,87857,NGF1
1607900552939869165,1607900552938054935,0,1,24512,T,A,0,9000000,2,4,17201,87880,NGH1-NGJ1
1607900552940080724,1607900552938685841,0,1,215879,T,A,0,4000000,1,4,17945,87887,NGF1-NGH1
1607900552940609909,1607900552939109989,0,1,15228,T,A,0,-8000000,1,4,17189,87891,NGF1-NGG1
1607900552940798014,1607900552939109989,0,1,215880,T,A,0,12000000,1,4,17202,87893,NGG1-NGH1
1607900552940988481,1607900552939109989,0,1,24512,T,A,0,8000000,1,4,17719,87895,NGH1-NGJ1
1607900552941295765,1607900552939252711,0,1,111291,T,A,0,2656000000,2,132,18532,87897,NGF1
1607900552941295765,1607900552939252711,0,1,111296,T,N,0,2644000000,2,4,18532,87897,NGJ1
1607900552941295765,1607900552939252711,0,1,24441,T,N,0,12000000,2,4,18532,87897,NGF1-NGJ1
1607900552942419655,1607900552939919465,0,1,24512,T,A,0,8000000,1,4,22961,87925,NGH1-NGJ1
1607900552943301260,1607900552941486239,0,1,215880,T,A,0,12000000,1,4,18599,87966,NGG1-NGH1
1607900552943331658,1607900552941502199,0,1,24512,T,A,0,8000000,1,4,18025,87968,NGH1-NGJ1
1607900552943419508,1607900552941509209,0,1,24512,T,A,0,8000000,1,4,17138,87971,NGH1-NGJ1
1607900552943740896,1607900552942118771,0,1,111291,T,A,0,2656000000,2,4,22276,87982,NGF1
1607900553126953691,1607900553126045615,0,1,111291,T,A,0,2655000000,1,132,19447,88275,NGF1
1607900553126953691,1607900553126045615,0,1,15228,T,N,0,-8000000,1,4,19447,88275,NGF1-NGG1
1607900553126953691,1607900553126045615,0,1,111293,T,N,0,2663000000,1,4,19447,88275,NGG1
1607900553127744197,1607900553127081879,0,1,215879,T,A,0,4000000,1,4,17537,88289,NGF1-NGH1
1607900553131111733,1607900553130742915,0,1,111291,T,B,0,2655000000,1,4,19694,88336,NGF1
1607900553223023086,1607900553221866079,0,1,111291,T,N,0,2655000000,2,4,19149,88389,NGF1
1607900553223023086,1607900553221866079,0,1,24441,T,N,0,11000000,2,4,19149,88389,NGF1-NGJ1
1607900553223023086,1607900553221866079,0,1,111296,T,B,0,2644000000,2,132,19149,88389,NGJ1
1607900553223755359,1607900553223151655,0,1,215880,T,A,0,12000000,1,4,17092,88398,NGG1-NGH1
1607900553224093228,1607900553223159983,0,1,24512,T,A,0,8000000,1,4,17964,88400,NGH1-NGJ1
1607900553224275566,1607900553223170287,0,1,15228,T,A,0,-8000000,1,4,17298,88402,NGF1-NGG1
1607900553224499389,1607900553223225065,0,1,15228,T,A,0,-8000000,1,4,16979,88404,NGF1-NGG1
1607900553224731557,1607900553223263979,0,1,215880,T,A,0,12000000,1,4,16805,88406,NGG1-NGH1
1607900553224960699,1607900553223286889,0,1,24512,T,A,0,8000000,1,4,17232,88409,NGH1-NGJ1
1607900553225365482,1607900553224285551,0,1,15228,T,A,0,-8000000,1,4,17210,88420,NGF1-NGG1
1607900553226853981,1607900553225379653,0,1,15228,T,A,0,-8000000,3,4,18216,88436,NGF1-NGG1
1607900554304206892,1607900554303010195,0,1,111296,T,N,0,2642000000,2,4,24199,88551,NGJ1
1607900554304206892,1607900554303010195,0,1,41645,T,N,0,-148000000,2,4,24199,88551,NGJ1-NGV1
1607900554304206892,1607900554303010195,0,1,111311,T,A,0,2790000000,3,4,24199,88551,NGV1
1607900555999181658,1607900555998296029,0,1,15228,T,B,0,-8000000,4,4,21503,88767,NGF1-NGG1
1607900557410977572,1607900557410351463,0,1,15228,T,B,0,-8000000,1,4,18773,88937,NGF1-NGG1
1607900557411956697,1607900557411579647,0,1,111291,T,A,0,2656000000,2,4,17925,88948,NGF1
1607900557413882933,1607900557413501299,0,1,111291,T,B,0,2656000000,2,4,24593,88967,NGF1
1607900557956482559,1607900557956088125,0,1,111296,T,A,0,2642000000,1,4,23027,89057,NGJ1
1607900558291622273,1607900558290833429,0,1,111296,T,N,0,2645000000,1,4,17612,89176,NGJ1
1607900558291622273,1607900558290833429,0,1,204979,T,N,0,-13000000,1,4,17612,89176,NGJ1-NGK1
1607900558291622273,1607900558290833429,0,1,111298,T,A,0,2658000000,1,132,17612,89176,NGK1
1607900558506303124,1607900558504772321,0,1,204979,T,B,0,-13000000,11,4,19733,89307,NGJ1-NGK1
1607900558506303124,1607900558504772321,0,1,204979,T,B,0,-12000000,9,4,19733,89307,NGJ1-NGK1
1607900559028576217,1607900559027935281,0,1,111296,T,N,0,2645000000,1,4,19074,89435,NGJ1
1607900559028576217,1607900559027935281,0,1,111311,T,A,0,2792000000,1,132,19074,89435,NGV1
1607900559028576217,1607900559027935281,0,1,41645,T,N,0,-147000000,1,4,19074,89435,NGJ1-NGV1
1607900559185387432,1607900559184929691,0,1,111291,T,B,0,2657000000,2,4,17985,89458,NGF1
1607900559197579622,1607900559197188183,0,1,111291,T,A,0,2657000000,5,4,18098,89564,NGF1
1607900559716902658,1607900559716149285,0,1,121372,T,B,0,-44000000,3,4,18067,89637,NGK1-NGM1
1607900559718180730,1607900559717712693,0,1,62811,T,B,0,-102000000,1,4,18685,89688,NGK1-NGN1
1607900559719196990,1607900559718673461,0,1,62811,T,B,0,-102000000,1,4,18278,89727,NGK1-NGN1
1607900559720250695,1607900559719676107,0,1,121372,T,A,0,-44000000,1,4,17814,89731,NGK1-NGM1
1607900559747009001,1607900559746471427,0,1,62811,T,B,0,-102000000,1,4,19078,89733,NGK1-NGN1
1607900559747698731,1607900559747184329,0,1,121372,T,A,0,-44000000,1,4,18321,89740,NGK1-NGM1
1607900560054805278,1607900560054428771,0,1,111296,T,A,0,2646000000,1,4,17642,89763,NGJ1
1607900561025155961,1607900561024368345,0,1,111291,T,B,0,2658000000,1,4,17947,89845,NGF1
1607900562412729278,1607900562412058831,0,1,111291,T,A,0,2657000000,1,132,18347,89890,NGF1
1607900562412729278,1607900562412058831,0,1,111296,T,N,0,2646000000,1,4,18347,89890,NGJ1
1607900562412729278,1607900562412058831,0,1,24441,T,N,0,11000000,1,4,18347,89890,NGF1-NGJ1
1607900562956249393,1607900562955476619,0,1,121360,T,A,0,-57000000,2,4,18314,89946,NGJ1-NGM1
1607900562960369110,1607900562959967763,0,1,111291,T,A,0,2656000000,7,4,17742,89959,NGF1
1607900562960731931,1607900562959972099,0,1,111291,T,A,0,2656000000,1,132,17733,89963,NGF1
1607900562960731931,1607900562959972099,0,1,24441,T,N,0,11000000,1,4,17733,89963,NGF1-NGJ1
1607900562960731931,1607900562959972099,0,1,111296,T,N,0,2645000000,1,4,17733,89963,NGJ1
1607900562961237356,1607900562960728065,0,1,24512,T,A,0,8000000,1,4,17077,89972,NGH1-NGJ1
1607900562961484044,1607900562960742369,0,1,215879,T,A,0,4000000,1,4,17416,89974,NGF1-NGH1
1607900562964459545,1607900562963986479,0,1,111296,T,N,0,2645000000,1,4,18403,89984,NGJ1
1607900562964459545,1607900562963986479,0,1,24441,T,N,0,11000000,1,4,18403,89984,NGF1-NGJ1
1607900562964459545,1607900562963986479,0,1,111291,T,A,0,2656000000,1,132,18403,89984,NGF1
1607900562965181268,1607900562964662761,0,1,215879,T,A,0,4000000,1,4,18098,89988,NGF1-NGH1
1607900562965402655,1607900562964677923,0,1,24512,T,A,0,8000000,1,4,17472,89990,NGH1-NGJ1
1607900562966001249,1607900562965416037,0,1,24512,T,A,0,8000000,2,4,18079,90005,NGH1-NGJ1
1607900563981987945,1607900563981332927,0,1,111291,T,B,0,2657000000,1,4,18794,90138,NGF1
1607900564409407190,1607900564408825569,0,1,111291,T,A,0,2657000000,1,4,17433,90342,NGF1
1607900564581947550,1607900564581555471,0,1,111291,T,A,0,2656000000,1,4,18402,90358,NGF1
1607900567463551610,1607900567462513171,0,1,111291,T,B,0,2658000000,4,4,24993,90431,NGF1
1607900567463551610,1607900567462513171,0,1,111291,T,B,0,2659000000,4,4,24993,90431,NGF1
1607900567464626371,1607900567462755061,0,1,111291,T,B,0,2660000000,8,4,21631,90441,NGF1
1607900567464626371,1607900567462755061,0,1,215879,T,N,0,5000000,1,4,21631,90441,NGF1-NGH1
1607900567464626371,1607900567462755061,0,1,15228,T,N,0,-7000000,1,4,21631,90441,NGF1-NGG1
1607900567464626371,1607900567462755061,0,1,111293,T,N,0,2667000000,1,4,21631,90441,NGG1
1607900567464626371,1607900567462755061,0,1,111294,T,N,0,2655000000,1,4,21631,90441,NGH1
1607900567464662529,1607900567462755061,0,1,111291,T,B,0,2661000000,1,4,22461,90442,NGF1
1607900567766245745,1607900567765728377,0,1,111291,T,B,0,2660000000,4,4,17987,90706,NGF1
1607900569726598598,1607900569725594111,0,1,111291,T,B,0,2660000000,2,4,19072,90774,NGF1
1607900569726598598,1607900569725594111,0,1,111291,T,B,0,2661000000,4,4,19072,90774,NGF1
1607900571201454296,1607900571200874291,0,1,111291,T,B,0,2659000000,1,4,16978,90898,NGF1
1607900572044367432,1607900572043994755,0,1,111291,T,B,0,2659000000,1,4,17947,90938,NGF1
1607900572296904742,1607900572296414263,0,1,111294,T,A,0,2654000000,1,4,17753,91001,NGH1
1607900575514430731,1607900575514067151,0,1,111291,T,A,0,2659000000,3,4,18198,91071,NGF1
1607900575881161741,1607900575880784043,0,1,111291,T,B,0,2659000000,2,4,17365,91097,NGF1
1607900577371028691,1607900577369775445,0,1,15052,T,B,0,-23000000,25,4,19238,91120,NGN1-NGQ1
1607900578082802362,1607900578082313835,0,1,111291,T,B,0,2660000000,1,4,22898,91161,NGF1
1607900581371101841,1607900581370375335,0,1,111291,T,B,0,2660000000,2,4,20280,91237,NGF1
1607900581576444856,1607900581575996153,0,1,111291,T,A,0,2658000000,1,4,22983,91247,NGF1
1607900582794609561,1607900582793974937,0,1,111296,T,B,0,2648000000,1,4,23112,91257,NGJ1
1607900582796852096,1607900582794726767,0,1,111296,T,N,0,2648000000,1,4,21465,91266,NGJ1
1607900582796852096,1607900582794726767,0,1,111291,T,A,0,2659000000,1,132,21465,91266,NGF1
1607900582796852096,1607900582794726767,0,1,24441,T,N,0,11000000,1,4,21465,91266,NGF1-NGJ1
1607900582796938948,1607900582794751071,0,1,111296,T,N,0,2648000000,1,4,19771,91269,NGJ1
1607900582796938948,1607900582794751071,0,1,121360,T,N,0,-56000000,1,4,19771,91269,NGJ1-NGM1
1607900582796938948,1607900582794751071,0,1,111299,T,A,0,2704000000,1,132,19771,91269,NGM1
1607900582797208949,1607900582794759199,0,1,111299,T,A,0,2704000000,1,132,24740,91274,NGM1
1607900582797208949,1607900582794759199,0,1,121360,T,N,0,-56000000,1,4,24740,91274,NGJ1-NGM1
1607900582797208949,1607900582794759199,0,1,111296,T,N,0,2648000000,1,4,24740,91274,NGJ1
1607900583566557742,1607900583566055649,0,1,111293,T,B,0,2669000000,1,4,24642,91397,NGG1
1607900583664711095,1607900583664316385,0,1,111291,T,B,0,2660000000,2,4,17780,91459,NGF1
1607900583837493464,1607900583836873017,0,1,111291,T,A,0,2659000000,1,132,24684,91464,NGF1
1607900583837493464,1607900583836873017,0,1,111296,T,N,0,2648000000,1,4,24684,91464,NGJ1
1607900583837493464,1607900583836873017,0,1,24441,T,N,0,11000000,1,4,24684,91464,NGF1-NGJ1
1607900583838080443,1607900583837504237,0,1,24512,T,A,0,8000000,1,4,17633,91467,NGH1-NGJ1
1607900583838292129,1607900583837508463,0,1,24441,T,N,0,11000000,1,4,17312,91469,NGF1-NGJ1
1607900583838292129,1607900583837508463,0,1,111296,T,N,0,2648000000,1,4,17312,91469,NGJ1
1607900583838292129,1607900583837508463,0,1,111291,T,A,0,2659000000,1,132,17312,91469,NGF1
1607900583838594987,1607900583837510743,0,1,215879,T,A,0,4000000,1,4,17574,91473,NGF1-NGH1
1607900583838711924,1607900583837520793,0,1,111296,T,A,0,2648000000,1,4,17020,91475,NGJ1
1607900583839140146,1607900583838597491,0,1,215879,T,A,0,4000000,1,4,18242,91479,NGF1-NGH1
1607900583839300617,1607900583838603013,0,1,24512,T,A,0,8000000,1,4,17230,91481,NGH1-NGJ1
1607900584057292051,1607900584056863241,0,1,111293,T,B,0,2669000000,1,4,17389,91536,NGG1
1607900584838064216,1607900584837510139,0,1,111296,T,N,0,2648000000,1,4,18621,91550,NGJ1
1607900584838064216,1607900584837510139,0,1,111291,T,A,0,2659000000,1,132,18621,91550,NGF1
1607900584838064216,1607900584837510139,0,1,24441,T,N,0,11000000,1,4,18621,91550,NGF1-NGJ1
1607900584838764436,1607900584838292249,0,1,215879,T,A,0,4000000,1,4,17727,91562,NGF1-NGH1
1607900584838986426,1607900584838317915,0,1,24512,T,A,0,8000000,1,4,17781,91564,NGH1-NGJ1
1607900585892920248,1607900585892229281,0,1,24441,T,N,0,11000000,1,4,18616,91628,NGF1-NGJ1
1607900585892920248,1607900585892229281,0,1,111291,T,A,0,2659000000,1,132,18616,91628,NGF1
1607900585892920248,1607900585892229281,0,1,111296,T,N,0,2648000000,1,4,18616,91628,NGJ1
1607900585893662631,1607900585893222333,0,1,215879,T,A,0,4000000,1,4,17780,91641,NGF1-NGH1
1607900585894047051,1607900585893289975,0,1,24512,T,A,0,8000000,1,4,18126,91644,NGH1-NGJ1
1607900585930784322,1607900585930377603,0,1,111296,T,B,0,2648000000,1,4,18773,91702,NGJ1
1607900586083621419,1607900586083118043,0,1,111291,T,B,0,2660000000,4,4,20256,91719,NGF1
1607900586095512375,1607900586095109701,0,1,111291,T,A,0,2660000000,1,4,17563,91811,NGF1
1607900587947106428,1607900587946629129,0,1,111291,T,A,0,2660000000,1,4,18207,91857,NGF1
1607900589097668245,1607900589096881517,0,1,111291,T,B,0,2661000000,6,4,20454,91880,NGF1
1607900589098602093,1607900589098134435,0,1,111291,T,B,0,2662000000,4,4,17013,91898,NGF1
1607900589099727086,1607900589099218973,0,1,111291,T,A,0,2661000000,1,4,20622,91925,NGF1
1607900589101057030,1607900589100479909,0,1,111291,T,N,0,2661000000,1,4,19581,91944,NGF1
1607900589101057030,1607900589100479909,0,1,215879,T,N,0,5000000,1,4,19581,91944,NGF1-NGH1
1607900589101057030,1607900589100479909,0,1,111294,T,A,0,2656000000,1,132,19581,91944,NGH1
1607900591125863410,1607900591125329547,0,1,111293,T,B,0,2669000000,1,4,17652,92014,NGG1
1607900591670205295,1607900591669772707,0,1,111291,T,A,0,2661000000,2,4,22761,92035,NGF1
1607900593665084518,1607900593664606095,0,1,111291,T,B,0,2662000000,3,4,24319,92084,NGF1
1607900593665962815,1607900593665636047,0,1,111293,T,B,0,2669000000,4,4,18122,92101,NGG1
1607900593666144624,1607900593665796921,0,1,111293,T,B,0,2669000000,1,4,17337,92105,NGG1
1607900593666958577,1607900593666443243,0,1,111296,T,N,0,2648000000,1,4,18598,92117,NGJ1
1607900593666958577,1607900593666443243,0,1,121360,T,N,0,-56000000,1,4,18598,92117,NGJ1-NGM1
1607900593666958577,1607900593666443243,0,1,111299,T,A,0,2704000000,1,132,18598,92117,NGM1
1607900594155949540,1607900594155562871,0,1,111296,T,B,0,2649000000,1,4,18262,92263,NGJ1
1607900594193740263,1607900594192014619,0,1,111296,T,B,0,2649000000,10,132,19453,92269,NGJ1
1607900594193740263,1607900594192014619,0,1,204979,T,N,0,-12000000,10,4,19453,92269,NGJ1-NGK1
1607900594193740263,1607900594192014619,0,1,111298,T,N,0,2661000000,10,4,19453,92269,NGK1
1607900594221146978,1607900594220575533,0,1,111298,T,N,0,2661000000,1,4,18401,92337,NGK1
1607900594221146978,1607900594220575533,0,1,204979,T,N,0,-12000000,1,4,18401,92337,NGJ1-NGK1
1607900594221146978,1607900594220575533,0,1,111296,T,B,0,2649000000,1,132,18401,92337,NGJ1
1607900594221547290,1607900594221211687,0,1,111298,T,B,0,2661000000,4,4,17462,92339,NGK1
1607900594685916326,1607900594685555651,0,1,111291,T,A,0,2660000000,2,4,23147,92376,NGF1
1607900594860933013,1607900594860526435,0,1,111294,T,A,0,2656000000,1,4,17929,92402,NGH1
1607900596104890018,1607900596104252697,0,1,24512,T,B,0,9000000,5,4,20218,92505,NGH1-NGJ1
1607900596109071709,1607900596106908657,0,1,111291,T,A,0,2660000000,1,4,18043,92614,NGF1
1607900596109508201,1607900596109089985,0,1,111291,T,A,0,2660000000,3,4,17446,92624,NGF1
1607900596134328231,1607900596133476861,0,1,24512,T,N,0,9000000,1,4,18955,92652,NGH1-NGJ1
1607900596134328231,1607900596133476861,0,1,111294,T,N,0,2657000000,1,4,18955,92652,NGH1
1607900596134328231,1607900596133476861,0,1,111296,T,B,0,2648000000,2,132,18955,92652,NGJ1
1607900596134328231,1607900596133476861,0,1,111293,T,N,0,2668000000,1,4,18955,92652,NGG1
1607900596134328231,1607900596133476861,0,1,24463,T,N,0,20000000,1,4,18955,92652,NGG1-NGJ1
1607900596134905353,1607900596134445309,0,1,215880,T,A,0,12000000,1,4,18642,92662,NGG1-NGH1
1607900596135096602,1607900596134452791,0,1,24512,T,A,0,9000000,1,4,17895,92664,NGH1-NGJ1
1607900597227853342,1607900597226700351,0,1,111311,T,N,0,2793000000,1,4,23508,92736,NGV1
1607900597227853342,1607900597226700351,0,1,209631,T,N,0,-57000000,1,4,23508,92736,NGV1-NGX1
1607900597227853342,1607900597226700351,0,1,111313,T,A,0,2850000000,1,132,23508,92736,NGX1
1607900597308815672,1607900597308105885,0,1,24512,T,N,0,9000000,1,4,23700,92750,NGH1-NGJ1
1607900597308815672,1607900597308105885,0,1,111296,T,B,0,2648000000,1,132,23700,92750,NGJ1
1607900597308815672,1607900597308105885,0,1,111294,T,N,0,2657000000,1,4,23700,92750,NGH1
1607900598559975750,1607900598558801785,0,1,111294,T,N,0,2657000000,1,4,24670,92774,NGH1
1607900598559975750,1607900598558801785,0,1,111296,T,B,0,2648000000,1,4,24670,92774,NGJ1
1607900598559975750,1607900598558801785,0,1,111296,T,B,0,2649000000,1,4,24670,92774,NGJ1
1607900598559975750,1607900598558801785,0,1,24512,T,N,0,9000000,1,4,24670,92774,NGH1-NGJ1
1607900600080112688,1607900600079611979,0,1,111291,T,B,0,2661000000,3,4,19891,92822,NGF1
1607900600098890461,1607900600098480605,0,1,111291,T,A,0,2661000000,1,4,17925,92863,NGF1
1607900601382345035,1607900601381427967,0,1,111291,T,A,0,2661000000,1,4,20636,92886,NGF1
1607900601382345035,1607900601381427967,0,1,111291,T,A,0,2660000000,1,4,20636,92886,NGF1
1607900602686373025,1607900602685923741,0,1,111291,T,B,0,2661000000,1,4,23626,92908,NGF1
1607900603144961819,1607900603144147299,0,1,215880,T,B,0,13000000,2,4,23637,92923,NGG1-NGH1
1607900603145494610,1607900603145006947,0,1,111296,T,A,0,2648000000,1,4,21281,92929,NGJ1
1607900603146099910,1607900603145220987,0,1,111296,T,N,0,2648000000,1,4,18541,92943,NGJ1
1607900603146099910,1607900603145220987,0,1,24463,T,B,0,21000000,1,4,18541,92943,NGG1-NGJ1
1607900603146099910,1607900603145220987,0,1,111293,T,N,0,2669000000,1,4,18541,92943,NGG1
1607900603146390639,1607900603145237603,0,1,111293,T,N,0,2669000000,1,4,17897,92946,NGG1
1607900603146390639,1607900603145237603,0,1,24463,T,B,0,21000000,1,4,17897,92946,NGG1-NGJ1
1607900603146390639,1607900603145237603,0,1,111296,T,N,0,2648000000,1,4,17897,92946,NGJ1
1607900603146547764,1607900603145485141,0,1,111293,T,B,0,2669000000,1,4,16873,92948,NGG1
1607900603146802105,1607900603145488225,0,1,215880,T,A,0,13000000,1,4,17968,92950,NGG1-NGH1
1607900603147002823,1607900603145491495,0,1,24512,T,A,0,9000000,1,4,17951,92952,NGH1-NGJ1
1607900603147267237,1607900603146232165,0,1,215880,T,A,0,13000000,1,4,17382,92959,NGG1-NGH1
1607900603147448703,1607900603146242149,0,1,24512,T,A,0,9000000,1,4,17867,92961,NGH1-NGJ1
1607900603147649683,1607900603146536953,0,1,215880,T,A,0,13000000,1,4,18556,92963,NGG1-NGH1
1607900603147850528,1607900603146545813,0,1,24512,T,A,0,9000000,1,4,23138,92965,NGH1-NGJ1
1607900603148343808,1607900603146826893,0,1,111296,T,N,0,2648000000,1,4,18902,92979,NGJ1
1607900603148343808,1607900603146826893,0,1,111291,T,N,0,2661000000,1,4,18902,92979,NGF1
1607900603148343808,1607900603146826893,0,1,24441,T,B,0,13000000,1,4,18902,92979,NGF1-NGJ1
1607900603148628294,1607900603147572831,0,1,111296,T,N,0,2648000000,1,4,18621,92984,NGJ1
1607900603148628294,1607900603147572831,0,1,111293,T,N,0,2669000000,1,4,18621,92984,NGG1
1607900603148628294,1607900603147572831,0,1,24463,T,B,0,21000000,1,132,18621,92984,NGG1-NGJ1
1607900603149195052,1607900603148754791,0,1,215880,T,A,0,12000000,1,4,17592,93002,NGG1-NGH1
1607900603150187395,1607900603149552777,0,1,15228,T,A,0,-8000000,1,4,26396,93008,NGF1-NGG1
