ts_recv,ts_event,rtype,publisher_id,instrument_id,action,side,depth,price,size,flags,ts_in_delta,sequence,symbol
1610924400323092400,1610924400000000000,0,1,26953,T,N,0,47000000,1,4,20681,61915,NG:BF G1-H1-J1
1610924400323130212,1610924400000000000,0,1,143984,T,N,0,3135000000,1,4,18378,61916,NGF2
1610924400331046885,1610924400000000000,0,1,111293,T,N,0,2652000000,101,4,24176,61917,NGG1
1610924400331705027,1610924400000000000,0,1,215880,T,N,0,34000000,47,4,22499,61918,NGG1-NGH1
1610924400337557057,1610924400000000000,0,1,24463,T,N,0,23000000,5,4,20493,61919,NGG1-NGJ1
1610924400337742548,1610924400000000000,0,1,307493,T,N,0,161000000,1,4,19000,61920,NGG2-NGH2
1610924400337966228,1610924400000000000,0,1,111294,T,N,0,2620000000,58,4,20791,61921,NGH1
1610924400339125018,1610924400000000000,0,1,24512,T,N,0,-15000000,34,4,21793,61922,NGH1-NGJ1
1610924400345516930,1610924400000000000,0,1,62618,T,N,0,-160000000,1,4,19816,61923,NGH1-NGN1
1610924400345751853,1610924400000000000,0,1,111296,T,N,0,2637000000,9,4,18997,61924,NGJ1
1610924400345962537,1610924400000000000,0,1,121372,T,N,0,-64000000,13,4,18004,61925,NGK1-NGM1
1610924400347182523,1610924400000000000,0,1,192030,T,N,0,2490000000,14,4,18822,61926,NGK2
1610924400347320658,1610924400000000000,0,1,62831,T,N,0,-70000000,40,4,20794,61927,NGM1-NGN1
1610924400349654042,1610924400000000000,0,1,15052,T,N,0,-19000000,31,4,19956,61928,NGN1-NGQ1
1610924400350248085,1610924400000000000,0,1,111305,T,N,0,2824000000,1,4,25930,61929,NGU1
1610924400387099348,1610924400000000000,0,1,24512,T,N,0,-15000000,7,4,22722,62025,NGH1-NGJ1
1610924400387099348,1610924400000000000,0,1,24512,T,N,0,-14000000,12,4,22722,62025,NGH1-NGJ1
1610924400387099348,1610924400000000000,0,1,111294,T,N,0,2620000000,1,4,22722,62025,NGH1
1610924400387099348,1610924400000000000,0,1,215880,T,N,0,33000000,16,4,22722,62025,NGG1-NGH1
1610924400387099348,1610924400000000000,0,1,111293,T,N,0,2653000000,26,4,22722,62025,NGG1
1610924400387099348,1610924400000000000,0,1,26953,T,N,0,48000000,7,4,22722,62025,NG:BF G1-H1-J1
1610924400387099348,1610924400000000000,0,1,26953,T,N,0,47000000,8,4,22722,62025,NG:BF G1-H1-J1
1610924400387099348,1610924400000000000,0,1,10687,T,N,0,-162000000,25,4,22722,62025,NGG1-NGQ1
1610924400387099348,1610924400000000000,0,1,111303,T,N,0,2815000000,25,4,22722,62025,NGQ1
1610924400387099348,1610924400000000000,0,1,8605,T,N,0,22000000,4,4,22722,62025,NG:BF H1-J1-K1
1610924400387099348,1610924400000000000,0,1,204979,T,N,0,-36000000,4,4,22722,62025,NGJ1-NGK1
1610924400460015181,1610924400007940813,0,1,111293,T,B,0,2653000000,4,4,17866,62241,NGG1
1610924400460736612,1610924400008092151,0,1,111293,T,N,0,2653000000,2,4,18061,62243,NGG1
1610924400460736612,1610924400008092151,0,1,215880,T,N,0,32000000,2,4,18061,62243,NGG1-NGH1
1610924400460736612,1610924400008092151,0,1,111294,T,B,0,2621000000,2,132,18061,62243,NGH1
1610924400463488902,1610924400038331837,0,1,111293,T,A,0,2650000000,7,4,18066,62248,NGG1
1610924400463488902,1610924400038331837,0,1,111293,T,A,0,2649000000,1,4,18066,62248,NGG1
1610924400464280661,1610924400095597759,0,1,111293,T,A,0,2649000000,1,4,18435,62252,NGG1
1610924400464280661,1610924400095597759,0,1,111293,T,A,0,2647000000,1,4,18435,62252,NGG1
1610924400484391564,1610924400126054369,0,1,111294,T,A,0,2620000000,1,4,18736,62318,NGH1
1610924400484391564,1610924400126054369,0,1,111294,T,A,0,2616000000,4,132,18736,62318,NGH1
1610924400484391564,1610924400126054369,0,1,62618,T,N,0,-180000000,5,4,18736,62318,NGH1-NGN1
1610924400484391564,1610924400126054369,0,1,111301,T,N,0,2800000000,1,4,18736,62318,NGN1
1610924400484391564,1610924400126054369,0,1,111301,T,N,0,2796000000,4,4,18736,62318,NGN1
1610924400497114804,1610924400286827303,0,1,111294,T,N,0,2612000000,1,4,21104,62348,NGH1
1610924400497114804,1610924400286827303,0,1,111294,T,N,0,2610000000,3,4,21104,62348,NGH1
1610924400497114804,1610924400286827303,0,1,111293,T,A,0,2645000000,1,4,21104,62348,NGG1
1610924400497114804,1610924400286827303,0,1,111293,T,A,0,2644000000,1,4,21104,62348,NGG1
1610924400497114804,1610924400286827303,0,1,111293,T,A,0,2642000000,4,4,21104,62348,NGG1
1610924400497114804,1610924400286827303,0,1,111293,T,A,0,2641000000,4,4,21104,62348,NGG1
1610924400497114804,1610924400286827303,0,1,215880,T,N,0,32000000,4,4,21104,62348,NGG1-NGH1
1610924400497114804,1610924400286827303,0,1,111303,T,N,0,2815000000,1,4,21104,62348,NGQ1
1610924400497114804,1610924400286827303,0,1,10687,T,N,0,-170000000,1,4,21104,62348,NGG1-NGQ1
1610924400497114804,1610924400286827303,0,1,111296,T,N,0,2620000000,1,4,21104,62348,NGJ1
1610924400497114804,1610924400286827303,0,1,24463,T,N,0,22000000,1,4,21104,62348,NGG1-NGJ1
1610924400499320352,1610924400293474629,0,1,111294,T,A,0,2616000000,5,132,17704,62357,NGH1
1610924400499320352,1610924400293474629,0,1,111301,T,N,0,2796000000,5,4,17704,62357,NGN1
1610924400499320352,1610924400293474629,0,1,62618,T,N,0,-180000000,5,4,17704,62357,NGH1-NGN1
1610924400505970296,1610924400359250351,0,1,24463,T,N,0,19000000,1,4,18101,62376,NGG1-NGJ1
1610924400505970296,1610924400359250351,0,1,111296,T,B,0,2623000000,1,132,18101,62376,NGJ1
1610924400505970296,1610924400359250351,0,1,111293,T,N,0,2642000000,1,4,18101,62376,NGG1
1610924400507391573,1610924400359260917,0,1,111293,T,N,0,2648000000,2,4,17576,62383,NGG1
1610924400507391573,1610924400359260917,0,1,111294,T,B,0,2616000000,2,132,17576,62383,NGH1
1610924400507391573,1610924400359260917,0,1,215880,T,N,0,32000000,2,4,17576,62383,NGG1-NGH1
1610924400508713578,1610924400359264329,0,1,215880,T,N,0,32000000,1,4,18244,62388,NGG1-NGH1
1610924400508713578,1610924400359264329,0,1,26953,T,N,0,47000000,1,4,18244,62388,NG:BF G1-H1-J1
1610924400508713578,1610924400359264329,0,1,24512,T,A,0,-15000000,1,4,18244,62388,NGH1-NGJ1
1610924400512411251,1610924400359329999,0,1,111296,T,N,0,2633000000,1,4,17920,62411,NGJ1
1610924400512411251,1610924400359329999,0,1,121360,T,N,0,-94000000,1,4,17920,62411,NGJ1-NGM1
1610924400512411251,1610924400359329999,0,1,111299,T,B,0,2727000000,1,132,17920,62411,NGM1
1610924400516978463,1610924400359346509,0,1,215880,T,N,0,31000000,1,4,18917,62431,NGG1-NGH1
1610924400516978463,1610924400359346509,0,1,111294,T,B,0,2617000000,1,132,18917,62431,NGH1
1610924400516978463,1610924400359346509,0,1,111293,T,N,0,2648000000,1,4,18917,62431,NGG1
1610924400517745638,1610924400359350935,0,1,111294,T,A,0,2622000000,1,132,18315,62434,NGH1
1610924400517745638,1610924400359350935,0,1,62618,T,N,0,-179000000,1,4,18315,62434,NGH1-NGN1
1610924400517745638,1610924400359350935,0,1,111301,T,N,0,2801000000,1,4,18315,62434,NGN1
1610924400523330883,1610924400359484873,0,1,111293,T,N,0,2648000000,1,4,18208,62490,NGG1
1610924400523330883,1610924400359484873,0,1,10687,T,N,0,-170000000,1,4,18208,62490,NGG1-NGQ1
1610924400523330883,1610924400359484873,0,1,111303,T,B,0,2818000000,1,132,18208,62490,NGQ1
1610924400535562672,1610924400360483899,0,1,111303,T,B,0,2818000000,1,132,17764,62536,NGQ1
1610924400535562672,1610924400360483899,0,1,10687,T,N,0,-170000000,1,4,17764,62536,NGG1-NGQ1
1610924400535562672,1610924400360483899,0,1,111293,T,N,0,2648000000,1,4,17764,62536,NGG1
1610924400550837480,1610924400361484267,0,1,111293,T,N,0,2648000000,1,4,18075,62597,NGG1
1610924400550837480,1610924400361484267,0,1,10687,T,N,0,-170000000,1,4,18075,62597,NGG1-NGQ1
1610924400550837480,1610924400361484267,0,1,111303,T,B,0,2818000000,1,132,18075,62597,NGQ1
1610924400577155331,1610924400363831811,0,1,62618,T,A,0,-179000000,1,4,17933,62736,NGH1-NGN1
1610924400577318827,1610924400363956183,0,1,204979,T,B,0,-33000000,1,4,17712,62742,NGJ1-NGK1
1610924400577454414,1610924400364008315,0,1,121372,T,B,0,-64000000,1,4,18340,62744,NGK1-NGM1
1610924400586387838,1610924400365137145,0,1,204963,T,A,0,-46000000,1,4,18012,62801,NGH1-NGK1
1610924400586690981,1610924400365191973,0,1,24512,T,B,0,-15000000,1,4,18262,62807,NGH1-NGJ1
1610924400586847833,1610924400365212925,0,1,204979,T,B,0,-32000000,1,4,18498,62811,NGJ1-NGK1
1610924400597022386,1610924400365914993,0,1,24512,T,B,0,-15000000,3,4,17861,62861,NGH1-NGJ1
1610924400597136434,1610924400365922927,0,1,204979,T,B,0,-32000000,3,4,17738,62863,NGJ1-NGK1
1610924400597271958,1610924400365928777,0,1,121372,T,B,0,-64000000,3,4,17876,62865,NGK1-NGM1
1610924400597403333,1610924400365935809,0,1,62831,T,B,0,-70000000,3,4,17833,62867,NGM1-NGN1
1610924400597570301,1610924400365944661,0,1,62618,T,A,0,-179000000,1,4,18136,62871,NGH1-NGN1
1610924400597570301,1610924400365944661,0,1,62618,T,A,0,-180000000,2,4,18136,62871,NGH1-NGN1
1610924400620172043,1610924400370777413,0,1,24512,T,A,0,-16000000,1,4,17743,63084,NGH1-NGJ1
1610924400620629858,1610924400370914303,0,1,19540,T,A,0,-275000000,1,4,17552,63092,NGV1-NGF2
1610924400621031613,1610924400371173651,0,1,41645,T,A,0,-210000000,1,4,17781,63101,NGJ1-NGV1
1610924400621285837,1610924400371218555,0,1,111293,T,B,0,2648000000,1,4,17742,63106,NGG1
1610924400637736102,1610924400383607567,0,1,111293,T,N,0,2648000000,1,4,18390,63377,NGG1
1610924400637736102,1610924400383607567,0,1,111294,T,B,0,2617000000,1,132,18390,63377,NGH1
1610924400637736102,1610924400383607567,0,1,215880,T,N,0,31000000,1,4,18390,63377,NGG1-NGH1
1610924400641254732,1610924400385751135,0,1,215880,T,N,0,31000000,1,4,18947,63402,NGG1-NGH1
1610924400641254732,1610924400385751135,0,1,111294,T,N,0,2616000000,1,4,18947,63402,NGH1
1610924400641254732,1610924400385751135,0,1,111293,T,A,0,2647000000,1,132,18947,63402,NGG1
1610924400643123336,1610924400387331695,0,1,111293,T,N,0,2648000000,1,4,17695,63416,NGG1
1610924400643123336,1610924400387331695,0,1,111303,T,B,0,2818000000,1,132,17695,63416,NGQ1
1610924400643123336,1610924400387331695,0,1,10687,T,N,0,-170000000,1,4,17695,63416,NGG1-NGQ1
1610924400644400562,1610924400387354083,0,1,215880,T,B,0,32000000,3,4,19745,63427,NGG1-NGH1
1610924400644400562,1610924400387354083,0,1,24512,T,N,0,-15000000,2,4,19745,63427,NGH1-NGJ1
1610924400644400562,1610924400387354083,0,1,26953,T,N,0,47000000,2,4,19745,63427,NG:BF G1-H1-J1
1610924400650242331,1610924400390291781,0,1,215880,T,N,0,32000000,2,4,20528,63479,NGG1-NGH1
1610924400650242331,1610924400390291781,0,1,10687,T,N,0,-170000000,1,4,20528,63479,NGG1-NGQ1
1610924400650242331,1610924400390291781,0,1,111303,T,N,0,2816000000,1,4,20528,63479,NGQ1
1610924400650242331,1610924400390291781,0,1,111293,T,A,0,2646000000,1,4,20528,63479,NGG1
1610924400650242331,1610924400390291781,0,1,111293,T,A,0,2645000000,1,4,20528,63479,NGG1
1610924400650242331,1610924400390291781,0,1,111293,T,A,0,2643000000,1,4,20528,63479,NGG1
1610924400650242331,1610924400390291781,0,1,111293,T,A,0,2641000000,4,4,20528,63479,NGG1
1610924400650242331,1610924400390291781,0,1,111294,T,N,0,2613000000,1,4,20528,63479,NGH1
1610924400650242331,1610924400390291781,0,1,111294,T,N,0,2611000000,1,4,20528,63479,NGH1
1610924400653898388,1610924400402441919,0,1,62831,T,B,0,-70000000,1,4,17948,63520,NGM1-NGN1
1610924400654030232,1610924400402442701,0,1,204979,T,B,0,-32000000,1,4,17814,63522,NGJ1-NGK1
1610924400654160100,1610924400402442977,0,1,121372,T,B,0,-64000000,1,4,17812,63524,NGK1-NGM1
1610924400654280772,1610924400402791091,0,1,111293,T,B,0,2641000000,1,4,17552,63526,NGG1
1610924400655020066,1610924400404275387,0,1,111293,T,N,0,2641000000,2,4,18107,63529,NGG1
1610924400655020066,1610924400404275387,0,1,111294,T,B,0,2611000000,2,132,18107,63529,NGH1
1610924400655020066,1610924400404275387,0,1,215880,T,N,0,30000000,2,4,18107,63529,NGG1-NGH1
1610924400655748473,1610924400404474459,0,1,215880,T,N,0,30000000,2,4,18376,63534,NGG1-NGH1
1610924400655748473,1610924400404474459,0,1,111294,T,B,0,2618000000,2,132,18376,63534,NGH1
1610924400655748473,1610924400404474459,0,1,111293,T,N,0,2648000000,2,4,18376,63534,NGG1
1610924400657042579,1610924400409014181,0,1,204979,T,B,0,-32000000,1,4,17758,63549,NGJ1-NGK1
1610924400659960241,1610924400413979485,0,1,111301,T,N,0,2801000000,1,4,19796,63565,NGN1
1610924400659960241,1610924400413979485,0,1,111299,T,N,0,2730000000,1,4,19796,63565,NGM1
1610924400659960241,1610924400413979485,0,1,111299,T,N,0,2728000000,1,4,19796,63565,NGM1
1610924400659960241,1610924400413979485,0,1,121360,T,N,0,-102000000,2,4,19796,63565,NGJ1-NGM1
1610924400659960241,1610924400413979485,0,1,111296,T,A,0,2628000000,1,4,19796,63565,NGJ1
1610924400659960241,1610924400413979485,0,1,111296,T,A,0,2627000000,1,4,19796,63565,NGJ1
1610924400659960241,1610924400413979485,0,1,111296,T,A,0,2626000000,1,132,19796,63565,NGJ1
1610924400659960241,1610924400413979485,0,1,62635,T,N,0,-174000000,1,4,19796,63565,NGJ1-NGN1
1610924400671331332,1610924400451213873,0,1,204979,T,A,0,-37000000,2,4,18303,63695,NGJ1-NGK1
1610924400671331332,1610924400451213873,0,1,121372,T,N,0,-65000000,1,4,18303,63695,NGK1-NGM1
1610924400671331332,1610924400451213873,0,1,43150,T,N,0,28000000,1,4,18303,63695,NG:BF J1-K1-M1
1610924400671646287,1610924400451376245,0,1,43150,T,N,0,28000000,1,4,18552,63698,NG:BF J1-K1-M1
1610924400671646287,1610924400451376245,0,1,121372,T,N,0,-65000000,1,4,18552,63698,NGK1-NGM1
1610924400671646287,1610924400451376245,0,1,204979,T,A,0,-37000000,1,4,18552,63698,NGJ1-NGK1
1610924400671646287,1610924400451376245,0,1,204979,T,A,0,-38000000,1,4,18552,63698,NGJ1-NGK1
1610924400671997359,1610924400456326253,0,1,111293,T,N,0,2648000000,1,4,17658,63702,NGG1
1610924400671997359,1610924400456326253,0,1,111294,T,B,0,2618000000,1,132,17658,63702,NGH1
1610924400671997359,1610924400456326253,0,1,215880,T,N,0,30000000,1,4,17658,63702,NGG1-NGH1
1610924400674637438,1610924400460028589,0,1,111293,T,B,0,2648000000,2,4,17682,63730,NGG1
1610924400679442285,1610924400464294515,0,1,62635,T,N,0,-174000000,1,4,17565,63757,NGJ1-NGN1
1610924400679442285,1610924400464294515,0,1,111296,T,A,0,2626000000,1,132,17565,63757,NGJ1
1610924400679442285,1610924400464294515,0,1,111301,T,N,0,2800000000,1,4,17565,63757,NGN1
1610924400681072618,1610924400465998441,0,1,111301,T,N,0,2799000000,1,4,19786,63767,NGN1
1610924400681072618,1610924400465998441,0,1,111301,T,N,0,2797000000,1,4,19786,63767,NGN1
1610924400681072618,1610924400465998441,0,1,111301,T,N,0,2796000000,3,4,19786,63767,NGN1
1610924400681072618,1610924400465998441,0,1,111294,T,A,0,2619000000,1,4,19786,63767,NGH1
1610924400681072618,1610924400465998441,0,1,111294,T,A,0,2617000000,1,4,19786,63767,NGH1
1610924400681072618,1610924400465998441,0,1,111294,T,A,0,2616000000,3,132,19786,63767,NGH1
1610924400681072618,1610924400465998441,0,1,62618,T,N,0,-180000000,5,4,19786,63767,NGH1-NGN1
1610924400689005035,1610924400475461975,0,1,121372,T,A,0,-65000000,1,4,18621,63833,NGK1-NGM1
1610924400689126315,1610924400475463025,0,1,204979,T,A,0,-37000000,1,4,17375,63835,NGJ1-NGK1
1610924400689496746,1610924400477013967,0,1,111293,T,A,0,2647000000,2,4,17993,63844,NGG1
1610924400693475443,1610924400484423495,0,1,24512,T,A,0,-15000000,1,4,17974,63867,NGH1-NGJ1
1610924400705577892,1610924400499277591,0,1,111303,T,A,0,2819000000,1,132,19981,63934,NGQ1
1610924400705577892,1610924400499277591,0,1,111305,T,N,0,2806000000,1,4,19981,63934,NGU1
1610924400705577892,1610924400499277591,0,1,282784,T,N,0,13000000,1,4,19981,63934,NGQ1-NGU1
1610924400712995182,1610924400503866353,0,1,111293,T,A,0,2647000000,3,4,21014,63975,NGG1
1610924400712995182,1610924400503866353,0,1,111293,T,A,0,2645000000,1,4,21014,63975,NGG1
1610924400712995182,1610924400503866353,0,1,111294,T,N,0,2615000000,1,4,21014,63975,NGH1
1610924400712995182,1610924400503866353,0,1,215880,T,N,0,30000000,1,4,21014,63975,NGG1-NGH1
1610924400715237090,1610924400505518809,0,1,62618,T,A,0,-180000000,1,4,18085,63988,NGH1-NGN1
1610924400715372226,1610924400505591155,0,1,62831,T,B,0,-70000000,1,4,17981,63991,NGM1-NGN1
1610924400721664402,1610924400507372693,0,1,62831,T,N,0,-70000000,1,4,17981,64022,NGM1-NGN1
1610924400721664402,1610924400507372693,0,1,111301,T,A,0,2802000000,1,132,17981,64022,NGN1
1610924400721664402,1610924400507372693,0,1,111299,T,N,0,2732000000,1,4,17981,64022,NGM1
1610924400722388865,1610924400507378399,0,1,111299,T,N,0,2732000000,1,4,18023,64025,NGM1
1610924400722388865,1610924400507378399,0,1,121372,T,N,0,-65000000,1,4,18023,64025,NGK1-NGM1
1610924400722388865,1610924400507378399,0,1,111298,T,A,0,2667000000,1,132,18023,64025,NGK1
1610924400725431675,1610924400509189873,0,1,204979,T,B,0,-34000000,1,4,18016,64046,NGJ1-NGK1
1610924400725555379,1610924400509199343,0,1,121372,T,B,0,-64000000,1,4,17872,64049,NGK1-NGM1
1610924400725635471,1610924400509204269,0,1,62831,T,B,0,-70000000,1,4,18068,64051,NGM1-NGN1
1610924400725707567,1610924400509206891,0,1,24512,T,B,0,-15000000,1,4,18381,64053,NGH1-NGJ1
1610924400726522305,1610924400509908371,0,1,111299,T,A,0,2732000000,1,4,17586,64062,NGM1
1610924400731331628,1610924400518760837,0,1,204979,T,B,0,-34000000,3,4,17970,64103,NGJ1-NGK1
1610924400731405876,1610924400518769241,0,1,24512,T,B,0,-15000000,2,4,18001,64105,NGH1-NGJ1
1610924400731511388,1610924400518776253,0,1,121372,T,B,0,-64000000,3,4,18490,64107,NGK1-NGM1
1610924400731620648,1610924400518780469,0,1,62831,T,B,0,-70000000,3,4,17935,64110,NGM1-NGN1
1610924400731713036,1610924400518787101,0,1,62618,T,A,0,-180000000,1,4,19362,64112,NGH1-NGN1
1610924400733792840,1610924400524538503,0,1,111301,T,N,0,2804000000,1,4,18200,64160,NGN1
1610924400733792840,1610924400524538503,0,1,156565,T,N,0,2538000000,1,4,18200,64160,NGJ2
1610924400733792840,1610924400524538503,0,1,311253,T,B,0,266000000,1,132,18200,64160,NGN1-NGJ2
1610924400736542563,1610924400536882795,0,1,204979,T,B,0,-34000000,1,4,17818,64222,NGJ1-NGK1
1610924400736656406,1610924400536892653,0,1,121372,T,B,0,-64000000,1,4,17655,64225,NGK1-NGM1
1610924400736726146,1610924400536897451,0,1,62831,T,B,0,-70000000,1,4,17369,64227,NGM1-NGN1
1610924400736803754,1610924400536903427,0,1,62618,T,A,0,-181000000,1,4,18103,64229,NGH1-NGN1
1610924400737386845,1610924400540054895,0,1,62831,T,N,0,-70000000,1,4,17534,64242,NGM1-NGN1
1610924400737386845,1610924400540054895,0,1,111301,T,A,0,2799000000,1,132,17534,64242,NGN1
1610924400737386845,1610924400540054895,0,1,111299,T,N,0,2729000000,1,4,17534,64242,NGM1
1610924400738486811,1610924400547526449,0,1,24512,T,A,0,-15000000,1,4,18016,64271,NGH1-NGJ1
1610924400738777271,1610924400549161107,0,1,15052,T,A,0,-20000000,1,4,17869,64280,NGN1-NGQ1
1610924400739675265,1610924400553047083,0,1,111293,T,B,0,2647000000,1,4,17274,64301,NGG1
1610924400743086806,1610924400564670801,0,1,24512,T,A,0,-15000000,1,4,17626,64370,NGH1-NGJ1
1610924400743285218,1610924400565423347,0,1,204979,T,B,0,-34000000,1,4,17336,64377,NGJ1-NGK1
1610924400743353894,1610924400565429069,0,1,121372,T,B,0,-64000000,1,4,17602,64379,NGK1-NGM1
1610924400743431374,1610924400565439567,0,1,62831,T,B,0,-70000000,1,4,17947,64381,NGM1-NGN1
1610924400743573061,1610924400565443717,0,1,62618,T,A,0,-181000000,1,4,17733,64385,NGH1-NGN1
1610924400744439204,1610924400576077707,0,1,24512,T,A,0,-15000000,1,4,17690,64412,NGH1-NGJ1
1610924400745308774,1610924400587857955,0,1,24512,T,A,0,-15000000,1,4,17719,64432,NGH1-NGJ1
1610924400750178233,1610924400620215781,0,1,24512,T,A,0,-15000000,1,4,18615,64510,NGH1-NGJ1
1610924400770280736,1610924400646260463,0,1,111293,T,N,0,2647000000,1,4,19272,65037,NGG1
1610924400770280736,1610924400646260463,0,1,215880,T,N,0,30000000,1,4,19272,65037,NGG1-NGH1
1610924400770280736,1610924400646260463,0,1,111294,T,B,0,2617000000,1,4,19272,65037,NGH1
1610924400773109575,1610924400651935055,0,1,10687,T,A,0,-170000000,2,4,17374,65086,NGG1-NGQ1
1610924400774880739,1610924400653085753,0,1,282784,T,A,0,13000000,2,4,18103,65116,NGQ1-NGU1
1610924400774934571,1610924400653088457,0,1,111305,T,A,0,2809000000,1,4,18703,65118,NGU1
1610924400774934571,1610924400653088457,0,1,111305,T,A,0,2807000000,1,132,18703,65118,NGU1
1610924400774934571,1610924400653088457,0,1,143984,T,N,0,3109000000,1,4,18703,65118,NGF2
1610924400774934571,1610924400653088457,0,1,19460,T,N,0,-302000000,1,4,18703,65118,NGU1-NGF2
1610924400774934571,1610924400653088457,0,1,41958,T,N,0,-22000000,1,4,18703,65118,NGU1-NGV1
1610924400774934571,1610924400653088457,0,1,111311,T,N,0,2831000000,1,4,18703,65118,NGV1
1610924400776963259,1610924400657412953,0,1,209631,T,A,0,-56000000,1,4,23034,65157,NGV1-NGX1
1610924400777012487,1610924400657413229,0,1,158336,T,A,0,-127000000,1,4,17419,65159,NGX1-NGZ1
1610924400777066451,1610924400657413543,0,1,41958,T,A,0,-22000000,1,4,17724,65161,NGU1-NGV1
1610924400777122851,1610924400657417677,0,1,17356,T,A,0,-91000000,1,4,17698,65163,NGZ1-NGF2
1610924400777575246,1610924400658442847,0,1,111293,T,B,0,2647000000,1,4,17641,65172,NGG1
1610924400777817386,1610924400658551097,0,1,111293,T,N,0,2647000000,1,4,17678,65178,NGG1
1610924400777817386,1610924400658551097,0,1,111294,T,B,0,2617000000,1,132,17678,65178,NGH1
1610924400777817386,1610924400658551097,0,1,215880,T,N,0,30000000,1,4,17678,65178,NGG1-NGH1
1610924400779107079,1610924400660906881,0,1,111294,T,A,0,2615000000,5,4,19389,65209,NGH1
1610924400779107079,1610924400660906881,0,1,62618,T,N,0,-181000000,2,4,19389,65209,NGH1-NGN1
1610924400779107079,1610924400660906881,0,1,111301,T,N,0,2796000000,2,4,19389,65209,NGN1
1610924400779107079,1610924400660906881,0,1,158372,T,N,0,-401000000,1,4,19389,65209,NGH1-NGZ1
1610924400779107079,1610924400660906881,0,1,111314,T,N,0,3016000000,1,4,19389,65209,NGZ1
1610924400785384824,1610924400682311841,0,1,62618,T,A,0,-181000000,1,4,19263,65408,NGH1-NGN1
1610924400785445100,1610924400683650389,0,1,62618,T,A,0,-181000000,1,4,17601,65411,NGH1-NGN1
1610924400785520135,1610924400685148545,0,1,121372,T,B,0,-64000000,1,4,17466,65415,NGK1-NGM1
1610924400785572799,1610924400685150273,0,1,62831,T,B,0,-70000000,1,4,17737,65417,NGM1-NGN1
1610924400785672399,1610924400685308687,0,1,204979,T,B,0,-35000000,1,4,18195,65420,NGJ1-NGK1
1610924400791750412,1610924400726861059,0,1,62831,T,N,0,-70000000,1,4,18185,65568,NGM1-NGN1
1610924400791750412,1610924400726861059,0,1,111301,T,A,0,2801000000,1,132,18185,65568,NGN1
1610924400791750412,1610924400726861059,0,1,111299,T,N,0,2731000000,1,4,18185,65568,NGM1
1610924400792338043,1610924400731524161,0,1,204979,T,N,0,-37000000,1,4,17776,65579,NGJ1-NGK1
1610924400792338043,1610924400731524161,0,1,111298,T,N,0,2668000000,1,4,17776,65579,NGK1
1610924400792338043,1610924400731524161,0,1,111296,T,A,0,2631000000,1,132,17776,65579,NGJ1
1610924400793135305,1610924400733803555,0,1,62618,T,A,0,-181000000,2,4,17663,65602,NGH1-NGN1
1610924400794932482,1610924400740039795,0,1,215880,T,A,0,30000000,5,4,18313,65660,NGG1-NGH1
1610924400795489449,1610924400743699587,0,1,62618,T,A,0,-181000000,2,4,17435,65689,NGH1-NGN1
1610924400795552113,1610924400743721641,0,1,204979,T,B,0,-35000000,1,4,33779,65691,NGJ1-NGK1
1610924400795552113,1610924400743721641,0,1,204979,T,B,0,-34000000,1,4,33779,65691,NGJ1-NGK1
1610924400795590301,1610924400743726895,0,1,121372,T,B,0,-64000000,2,4,17278,65693,NGK1-NGM1
1610924400795648669,1610924400743730113,0,1,62831,T,B,0,-70000000,2,4,17793,65695,NGM1-NGN1
1610924400798437523,1610924400750335335,0,1,215880,T,A,0,30000000,4,4,17812,65827,NGG1-NGH1
1610924400802220240,1610924400774961949,0,1,282784,T,A,0,13000000,3,4,22833,65935,NGQ1-NGU1
1610924400802265080,1610924400775027335,0,1,282784,T,A,0,13000000,2,4,17595,65937,NGQ1-NGU1
1610924400805727762,1610924400779540591,0,1,121372,T,B,0,-64000000,1,4,17834,65997,NGK1-NGM1
1610924400805782250,1610924400779545397,0,1,62831,T,B,0,-70000000,1,4,17442,65999,NGM1-NGN1
1610924400805855562,1610924400779551685,0,1,24512,T,B,0,-15000000,1,4,20171,66002,NGH1-NGJ1
1610924400806322489,1610924400779925547,0,1,204979,T,B,0,-35000000,1,4,19116,66013,NGJ1-NGK1
1610924400806389717,1610924400779932239,0,1,24512,T,B,0,-15000000,1,4,17859,66015,NGH1-NGJ1
1610924400806436589,1610924400779935851,0,1,121372,T,B,0,-64000000,1,4,17656,66017,NGK1-NGM1
1610924400806491017,1610924400779943593,0,1,62831,T,B,0,-70000000,1,4,18184,66019,NGM1-NGN1
1610924400809121700,1610924400785532319,0,1,24512,T,B,0,-15000000,1,4,17698,66089,NGH1-NGJ1
1610924400809176664,1610924400785535737,0,1,121372,T,B,0,-64000000,1,4,23397,66091,NGK1-NGM1
1610924400809221899,1610924400785553463,0,1,62831,T,B,0,-70000000,1,4,17614,66093,NGM1-NGN1
1610924400809274363,1610924400785557195,0,1,204979,T,B,0,-34000000,1,4,22886,66095,NGJ1-NGK1
1610924400809346183,1610924400785718195,0,1,204979,T,B,0,-34000000,1,4,17543,66099,NGJ1-NGK1
1610924400809389383,1610924400785723717,0,1,121372,T,B,0,-64000000,1,4,17695,66101,NGK1-NGM1
1610924400809440479,1610924400785726599,0,1,62831,T,B,0,-70000000,1,4,17502,66103,NGM1-NGN1
1610924400809851218,1610924400786733843,0,1,282784,T,A,0,13000000,3,4,17680,66120,NGQ1-NGU1
1610924400809905454,1610924400786798113,0,1,282784,T,A,0,13000000,2,4,18257,66122,NGQ1-NGU1
1610924400813849215,1610924400795603431,0,1,121372,T,B,0,-64000000,1,4,18384,66250,NGK1-NGM1
1610924400814026814,1610924400795864821,0,1,24512,T,B,0,-15000000,2,4,18283,66256,NGH1-NGJ1
1610924400816163362,1610924400801695615,0,1,282784,T,A,0,13000000,3,4,17831,66340,NGQ1-NGU1
1610924400816262766,1610924400801759437,0,1,282784,T,A,0,13000000,2,4,17330,66345,NGQ1-NGU1
1610924400817647024,1610924400804883591,0,1,282784,T,N,0,13000000,1,4,23484,66384,NGQ1-NGU1
1610924400817647024,1610924400804883591,0,1,111305,T,B,0,2810000000,1,132,23484,66384,NGU1
1610924400817647024,1610924400804883591,0,1,111303,T,N,0,2823000000,1,4,23484,66384,NGQ1
1610924400825492921,1610924400822779171,0,1,62831,T,B,0,-70000000,2,4,18288,66620,NGM1-NGN1
1610924400825657717,1610924400822922037,0,1,111293,T,A,0,2645000000,1,4,36173,66626,NGG1
1610924400857626489,1610924400856576949,0,1,111294,T,B,0,2616000000,1,4,17979,66767,NGH1
1610924400870764733,1610924400869728371,0,1,111293,T,B,0,2646000000,1,4,19141,66829,NGG1
1610924400969004578,1610924400966643937,0,1,62831,T,N,0,-70000000,1,4,18437,66930,NGM1-NGN1
1610924400969004578,1610924400966643937,0,1,111299,T,N,0,2728000000,1,4,18437,66930,NGM1
1610924400969004578,1610924400966643937,0,1,111301,T,A,0,2798000000,1,132,18437,66930,NGN1
1610924400994428779,1610924400993665717,0,1,111293,T,A,0,2644000000,1,4,17962,66968,NGG1
1610924400995251734,1610924400994543613,0,1,111293,T,A,0,2644000000,1,4,17775,66974,NGG1
1610924400996253516,1610924400995442197,0,1,10687,T,A,0,-170000000,2,4,18690,66988,NGG1-NGQ1
1610924400997152446,1610924400996175051,0,1,111293,T,B,0,2645000000,2,4,18164,67001,NGG1
1610924400997657409,1610924400996177561,0,1,282784,T,A,0,13000000,2,4,18172,67003,NGQ1-NGU1
1610924400998507207,1610924400996180513,0,1,111305,T,A,0,2806000000,2,4,19082,67005,NGU1
1610924400998507207,1610924400996180513,0,1,41958,T,N,0,-22000000,1,4,19082,67005,NGU1-NGV1
1610924400998507207,1610924400996180513,0,1,111311,T,N,0,2828000000,1,4,19082,67005,NGV1
1610924401010423969,1610924400998807103,0,1,10687,T,A,0,-170000000,1,4,22943,67030,NGG1-NGQ1
1610924401010919040,1610924400999697349,0,1,111293,T,B,0,2645000000,1,4,18466,67036,NGG1
1610924401011110212,1610924400999699845,0,1,282784,T,A,0,13000000,1,4,19985,67040,NGQ1-NGU1
1610924401011132480,1610924400999702283,0,1,111305,T,A,0,2805000000,1,4,19181,67042,NGU1
1610924401012432282,1610924401007088683,0,1,111294,T,B,0,2616000000,1,4,23090,67070,NGH1
1610924401017427344,1610924401015639775,0,1,19540,T,B,0,-273000000,2,4,18431,67099,NGV1-NGF2
1610924401059316786,1610924401058284499,0,1,111294,T,B,0,2617000000,1,4,18842,67131,NGH1
1610924401062623868,1610924401061082989,0,1,111293,T,A,0,2644000000,1,4,18497,67139,NGG1
1610924401094760997,1610924401093407027,0,1,111293,T,N,0,2644000000,1,4,18824,67175,NGG1
1610924401094760997,1610924401093407027,0,1,111294,T,A,0,2614000000,1,4,18824,67175,NGH1
1610924401094760997,1610924401093407027,0,1,215880,T,N,0,30000000,1,4,18824,67175,NGG1-NGH1
1610924401096034662,1610924401095054493,0,1,24512,T,A,0,-15000000,2,4,18314,67183,NGH1-NGJ1
1610924401096788277,1610924401095066837,0,1,111294,T,N,0,2614000000,1,4,18897,67185,NGH1
1610924401096788277,1610924401095066837,0,1,111298,T,B,0,2666000000,1,132,18897,67185,NGK1
1610924401096788277,1610924401095066837,0,1,204963,T,N,0,-52000000,1,4,18897,67185,NGH1-NGK1
1610924401097761519,1610924401095067755,0,1,24512,T,A,0,-15000000,2,4,18154,67187,NGH1-NGJ1
1610924401098306274,1610924401095080889,0,1,24512,T,A,0,-15000000,2,4,18721,67193,NGH1-NGJ1
1610924401098899685,1610924401095747315,0,1,111293,T,A,0,2643000000,1,4,18137,67203,NGG1
1610924401183496439,1610924401180831819,0,1,111293,T,B,0,2644000000,3,4,21994,67322,NGG1
1610924401183496439,1610924401180831819,0,1,111293,T,B,0,2646000000,3,4,21994,67322,NGG1
1610924401183496439,1610924401180831819,0,1,111293,T,B,0,2647000000,2,4,21994,67322,NGG1
1610924401183496439,1610924401180831819,0,1,111294,T,N,0,2614000000,3,4,21994,67322,NGH1
1610924401183496439,1610924401180831819,0,1,111294,T,N,0,2616000000,1,4,21994,67322,NGH1
1610924401183496439,1610924401180831819,0,1,215880,T,N,0,30000000,4,4,21994,67322,NGG1-NGH1
1610924401492577672,1610924401490715705,0,1,24512,T,A,0,-16000000,2,4,22982,67560,NGH1-NGJ1
1610924401519774817,1610924401518856273,0,1,111298,T,N,0,2668000000,1,4,18136,67592,NGK1
1610924401519774817,1610924401518856273,0,1,204979,T,N,0,-36000000,1,4,18136,67592,NGJ1-NGK1
1610924401519774817,1610924401518856273,0,1,111296,T,B,0,2632000000,1,132,18136,67592,NGJ1
1610924401684259790,1610924401682776533,0,1,215880,T,N,0,29000000,1,4,18925,67637,NGG1-NGH1
1610924401684259790,1610924401682776533,0,1,111294,T,N,0,2613000000,1,4,18925,67637,NGH1
1610924401684259790,1610924401682776533,0,1,111293,T,A,0,2642000000,2,4,18925,67637,NGG1
1610924401685473864,1610924401684677311,0,1,111294,T,N,0,2616000000,1,4,18402,67654,NGH1
1610924401685473864,1610924401684677311,0,1,111296,T,B,0,2632000000,1,132,18402,67654,NGJ1
1610924401685473864,1610924401684677311,0,1,24512,T,N,0,-16000000,1,4,18402,67654,NGH1-NGJ1
1610924401695657669,1610924401694501817,0,1,111294,T,N,0,2612000000,1,4,19259,67664,NGH1
1610924401695657669,1610924401694501817,0,1,111293,T,A,0,2641000000,2,4,19259,67664,NGG1
1610924401695657669,1610924401694501817,0,1,215880,T,N,0,29000000,1,4,19259,67664,NGG1-NGH1
1610924401698106749,1610924401696225509,0,1,111298,T,B,0,2668000000,1,132,19116,67682,NGK1
1610924401698106749,1610924401696225509,0,1,111299,T,N,0,2731000000,1,4,19116,67682,NGM1
1610924401698106749,1610924401696225509,0,1,121372,T,N,0,-63000000,1,4,19116,67682,NGK1-NGM1
1610924401720416039,1610924401718833171,0,1,111293,T,A,0,2640000000,1,4,19280,67701,NGG1
1610924401767187872,1610924401766481541,0,1,111293,T,A,0,2640000000,1,4,18401,67710,NGG1
1610924401793639275,1610924401768583863,0,1,111293,T,A,0,2640000000,3,4,21053,67727,NGG1
1610924401793639275,1610924401768583863,0,1,111293,T,A,0,2639000000,1,4,21053,67727,NGG1
1610924401793639275,1610924401768583863,0,1,111293,T,A,0,2638000000,1,4,21053,67727,NGG1
1610924401793639275,1610924401768583863,0,1,10687,T,N,0,-170000000,1,4,21053,67727,NGG1-NGQ1
1610924401793639275,1610924401768583863,0,1,111303,T,N,0,2809000000,1,4,21053,67727,NGQ1
1610924401794039210,1610924401768583863,0,1,111303,T,N,0,2808000000,1,4,21338,67728,NGQ1
1610924401794039210,1610924401768583863,0,1,111303,T,N,0,2807000000,1,4,21338,67728,NGQ1
1610924401794039210,1610924401768583863,0,1,111303,T,N,0,2806000000,1,4,21338,67728,NGQ1
1610924401794039210,1610924401768583863,0,1,10687,T,N,0,-170000000,3,4,21338,67728,NGG1-NGQ1
1610924401794039210,1610924401768583863,0,1,111293,T,A,0,2638000000,3,4,21338,67728,NGG1
1610924401794039210,1610924401768583863,0,1,111293,T,A,0,2637000000,3,4,21338,67728,NGG1
1610924401794039210,1610924401768583863,0,1,111293,T,A,0,2636000000,1,4,21338,67728,NGG1
1610924401794039210,1610924401768583863,0,1,111293,T,A,0,2635000000,3,4,21338,67728,NGG1
1610924401794039210,1610924401768583863,0,1,215880,T,N,0,29000000,3,4,21338,67728,NGG1-NGH1
1610924401794039210,1610924401768583863,0,1,111294,T,N,0,2609000000,1,4,21338,67728,NGH1
1610924401794039210,1610924401768583863,0,1,111294,T,N,0,2608000000,2,4,21338,67728,NGH1
1610924401794164334,1610924401768583863,0,1,111294,T,N,0,2606000000,1,4,26440,67729,NGH1
1610924401794164334,1610924401768583863,0,1,111294,T,N,0,2605000000,1,4,26440,67729,NGH1
1610924401794164334,1610924401768583863,0,1,111294,T,N,0,2603000000,1,4,26440,67729,NGH1
1610924401794164334,1610924401768583863,0,1,215880,T,N,0,29000000,3,4,26440,67729,NGG1-NGH1
1610924401794164334,1610924401768583863,0,1,111293,T,A,0,2635000000,4,4,26440,67729,NGG1
1610924401794164334,1610924401768583863,0,1,111293,T,A,0,2634000000,4,4,26440,67729,NGG1
1610924401794164334,1610924401768583863,0,1,111293,T,A,0,2633000000,1,4,26440,67729,NGG1
1610924401794164334,1610924401768583863,0,1,111293,T,A,0,2632000000,1,4,26440,67729,NGG1
1610924401794164334,1610924401768583863,0,1,10687,T,N,0,-170000000,3,4,26440,67729,NGG1-NGQ1
1610924401794164334,1610924401768583863,0,1,111303,T,N,0,2805000000,1,4,26440,67729,NGQ1
1610924401794164334,1610924401768583863,0,1,111303,T,N,0,2804000000,1,4,26440,67729,NGQ1
1610924401794164334,1610924401768583863,0,1,111303,T,N,0,2803000000,1,4,26440,67729,NGQ1
1610924401794164334,1610924401768583863,0,1,111296,T,N,0,2623000000,1,4,26440,67729,NGJ1
1610924401794164334,1610924401768583863,0,1,24463,T,N,0,11000000,1,4,26440,67729,NGG1-NGJ1
1610924401794205498,1610924401768583863,0,1,111293,T,A,0,2632000000,2,4,19673,67730,NGG1
1610924401794205498,1610924401768583863,0,1,111293,T,A,0,2631000000,1,4,19673,67730,NGG1
1610924401794205498,1610924401768583863,0,1,111293,T,A,0,2630000000,1,4,19673,67730,NGG1
1610924401794205498,1610924401768583863,0,1,215880,T,N,0,29000000,3,4,19673,67730,NGG1-NGH1
1610924401794205498,1610924401768583863,0,1,111294,T,N,0,2603000000,2,4,19673,67730,NGH1
1610924401794205498,1610924401768583863,0,1,111294,T,N,0,2602000000,1,4,19673,67730,NGH1
1610924401797598863,1610924401768583863,0,1,111294,T,A,0,2612000000,1,4,22670,67731,NGH1
1610924401797598863,1610924401768583863,0,1,111294,T,A,0,2611000000,1,4,22670,67731,NGH1
1610924401797598863,1610924401768583863,0,1,111294,T,A,0,2610000000,1,4,22670,67731,NGH1
1610924401797598863,1610924401768583863,0,1,111298,T,N,0,2664000000,1,4,22670,67731,NGK1
1610924401797598863,1610924401768583863,0,1,111298,T,N,0,2663000000,1,4,22670,67731,NGK1
1610924401797598863,1610924401768583863,0,1,111298,T,N,0,2662000000,1,4,22670,67731,NGK1
1610924401797598863,1610924401768583863,0,1,204963,T,N,0,-52000000,3,4,22670,67731,NGH1-NGK1
1610924401797641603,1610924401768583863,0,1,204963,T,N,0,-52000000,2,4,19312,67732,NGH1-NGK1
1610924401797641603,1610924401768583863,0,1,111298,T,N,0,2661000000,1,4,19312,67732,NGK1
1610924401797641603,1610924401768583863,0,1,111298,T,N,0,2660000000,1,4,19312,67732,NGK1
1610924401797641603,1610924401768583863,0,1,111294,T,A,0,2610000000,1,4,19312,67732,NGH1
1610924401797641603,1610924401768583863,0,1,111294,T,A,0,2609000000,1,4,19312,67732,NGH1
1610924401797641603,1610924401768583863,0,1,111294,T,A,0,2608000000,1,4,19312,67732,NGH1
1610924401797641603,1610924401768583863,0,1,111301,T,N,0,2796000000,1,4,19312,67732,NGN1
1610924401797641603,1610924401768583863,0,1,62618,T,N,0,-186000000,1,4,19312,67732,NGH1-NGN1
1610924401797667215,1610924401768583863,0,1,111294,T,N,0,2600000000,2,4,18971,67733,NGH1
1610924401797667215,1610924401768583863,0,1,215880,T,N,0,28000000,2,4,18971,67733,NGG1-NGH1
1610924401797667215,1610924401768583863,0,1,111293,T,A,0,2628000000,2,4,18971,67733,NGG1
1610924401797695763,1610924401768583863,0,1,111293,T,A,0,2628000000,4,4,19272,67734,NGG1
1610924401797695763,1610924401768583863,0,1,215880,T,N,0,28000000,4,4,19272,67734,NGG1-NGH1
1610924401797695763,1610924401768583863,0,1,111294,T,N,0,2600000000,4,4,19272,67734,NGH1
1610924401797719475,1610924401768583863,0,1,111294,T,A,0,2608000000,1,4,17426,67735,NGH1
1610924401797719475,1610924401768583863,0,1,111298,T,N,0,2660000000,1,4,17426,67735,NGK1
1610924401797719475,1610924401768583863,0,1,204963,T,N,0,-52000000,1,4,17426,67735,NGH1-NGK1
1610924401797753543,1610924401768583863,0,1,111294,T,N,0,2600000000,1,4,18331,67736,NGH1
1610924401797753543,1610924401768583863,0,1,111294,T,N,0,2599000000,1,4,18331,67736,NGH1
1610924401797753543,1610924401768583863,0,1,215880,T,N,0,28000000,2,4,18331,67736,NGG1-NGH1
1610924401797753543,1610924401768583863,0,1,111293,T,A,0,2628000000,1,4,18331,67736,NGG1
1610924401797753543,1610924401768583863,0,1,111293,T,A,0,2627000000,1,4,18331,67736,NGG1
1610924401797808683,1610924401768583863,0,1,111294,T,A,0,2607000000,1,4,21867,67737,NGH1
1610924401797808683,1610924401768583863,0,1,111294,T,A,0,2606000000,2,4,21867,67737,NGH1
1610924401797808683,1610924401768583863,0,1,111294,T,A,0,2605000000,1,4,21867,67737,NGH1
1610924401797808683,1610924401768583863,0,1,111294,T,A,0,2604000000,1,4,21867,67737,NGH1
1610924401797808683,1610924401768583863,0,1,204963,T,N,0,-52000000,3,4,21867,67737,NGH1-NGK1
1610924401797808683,1610924401768583863,0,1,111298,T,N,0,2659000000,1,4,21867,67737,NGK1
1610924401797808683,1610924401768583863,0,1,111298,T,N,0,2657000000,1,4,21867,67737,NGK1
1610924401797808683,1610924401768583863,0,1,111298,T,N,0,2656000000,1,4,21867,67737,NGK1
1610924401797808683,1610924401768583863,0,1,62618,T,N,0,-190000000,2,4,21867,67737,NGH1-NGN1
1610924401797808683,1610924401768583863,0,1,111301,T,N,0,2796000000,2,4,21867,67737,NGN1
1610924401797828335,1610924401768583863,0,1,111298,T,N,0,2655000000,1,4,17609,67738,NGK1
1610924401797828335,1610924401768583863,0,1,204963,T,N,0,-55000000,1,4,17609,67738,NGH1-NGK1
1610924401797828335,1610924401768583863,0,1,111294,T,A,0,2600000000,1,4,17609,67738,NGH1
1610924401797882239,1610924401768583863,0,1,111294,T,N,0,2596000000,1,4,19378,67739,NGH1
1610924401797882239,1610924401768583863,0,1,111294,T,N,0,2595000000,1,4,19378,67739,NGH1
1610924401797882239,1610924401768583863,0,1,111294,T,N,0,2594000000,1,4,19378,67739,NGH1
1610924401797882239,1610924401768583863,0,1,111293,T,A,0,2626000000,5,4,19378,67739,NGG1
1610924401797882239,1610924401768583863,0,1,111293,T,A,0,2624000000,1,4,19378,67739,NGG1
1610924401797882239,1610924401768583863,0,1,111293,T,A,0,2623000000,1,4,19378,67739,NGG1
1610924401797882239,1610924401768583863,0,1,111293,T,A,0,2622000000,18,4,19378,67739,NGG1
1610924401797882239,1610924401768583863,0,1,215880,T,N,0,28000000,3,4,19378,67739,NGG1-NGH1
1610924401797920583,1610924401768583863,0,1,111294,T,A,0,2599000000,1,4,18478,67740,NGH1
1610924401797920583,1610924401768583863,0,1,111294,T,A,0,2597000000,1,4,18478,67740,NGH1
1610924401797920583,1610924401768583863,0,1,204963,T,N,0,-56000000,1,4,18478,67740,NGH1-NGK1
1610924401797920583,1610924401768583863,0,1,111298,T,N,0,2653000000,1,4,18478,67740,NGK1
1610924401797920583,1610924401768583863,0,1,111299,T,N,0,2727000000,1,4,18478,67740,NGM1
1610924401797920583,1610924401768583863,0,1,121353,T,N,0,-128000000,1,4,18478,67740,NGH1-NGM1
1610924401797944475,1610924401768583863,0,1,111293,T,A,0,2622000000,1,4,17860,67741,NGG1
1610924401797944475,1610924401768583863,0,1,24463,T,N,0,10000000,1,4,17860,67741,NGG1-NGJ1
1610924401797944475,1610924401768583863,0,1,111296,T,N,0,2612000000,1,4,17860,67741,NGJ1
1610924401797962279,1610924401768583863,0,1,111293,T,A,0,2621000000,1,4,17727,67742,NGG1
1610924401797980519,1610924401768583863,0,1,111293,T,A,0,2621000000,1,4,17268,67743,NGG1
1610924401797998835,1610924401768583863,0,1,111293,T,A,0,2620000000,1,4,17064,67744,NGG1
1610924401799830811,1610924401768583863,0,1,111296,T,A,0,2621000000,3,4,26197,67745,NGJ1
1610924401799830811,1610924401768583863,0,1,111296,T,A,0,2620000000,2,4,26197,67745,NGJ1
1610924401799830811,1610924401768583863,0,1,111299,T,N,0,2727000000,1,4,26197,67745,NGM1
1610924401799830811,1610924401768583863,0,1,111301,T,N,0,2796000000,2,4,26197,67745,NGN1
1610924401799830811,1610924401768583863,0,1,111311,T,N,0,2827000000,2,4,26197,67745,NGV1
1610924401799830811,1610924401768583863,0,1,62635,T,N,0,-175000000,1,4,26197,67745,NGJ1-NGN1
1610924401799830811,1610924401768583863,0,1,62635,T,N,0,-176000000,1,4,26197,67745,NGJ1-NGN1
1610924401799830811,1610924401768583863,0,1,121360,T,N,0,-107000000,1,4,26197,67745,NGJ1-NGM1
1610924401799830811,1610924401768583863,0,1,41645,T,N,0,-206000000,2,4,26197,67745,NGJ1-NGV1
1610924401799850575,1610924401768583863,0,1,111296,T,N,0,2612000000,1,4,18314,67746,NGJ1
1610924401799850575,1610924401768583863,0,1,111294,T,A,0,2596000000,1,4,18314,67746,NGH1
1610924401799850575,1610924401768583863,0,1,24512,T,N,0,-16000000,1,4,18314,67746,NGH1-NGJ1
1610924401799881819,1610924401768583863,0,1,111296,T,A,0,2620000000,1,4,23124,67747,NGJ1
1610924401799881819,1610924401768583863,0,1,62635,T,N,0,-176000000,1,4,23124,67747,NGJ1-NGN1
1610924401799881819,1610924401768583863,0,1,111301,T,N,0,2796000000,1,4,23124,67747,NGN1
1610924401799910251,1610924401768583863,0,1,111294,T,A,0,2595000000,1,4,19745,67748,NGH1
1610924401799910251,1610924401768583863,0,1,111298,T,N,0,2652000000,1,4,19745,67748,NGK1
1610924401799910251,1610924401768583863,0,1,204963,T,N,0,-57000000,1,4,19745,67748,NGH1-NGK1
1610924401799947151,1610924401768583863,0,1,204963,T,N,0,-57000000,1,4,19761,67749,NGH1-NGK1
1610924401799947151,1610924401768583863,0,1,111298,T,N,0,2649000000,1,4,19761,67749,NGK1
1610924401799947151,1610924401768583863,0,1,111294,T,A,0,2594000000,1,4,19761,67749,NGH1
1610924401799947151,1610924401768583863,0,1,111294,T,A,0,2592000000,3,4,19761,67749,NGH1
1610924401799947151,1610924401768583863,0,1,111301,T,N,0,2796000000,1,4,19761,67749,NGN1
1610924401799947151,1610924401768583863,0,1,62618,T,N,0,-202000000,1,4,19761,67749,NGH1-NGN1
1610924401802582634,1610924401793674209,0,1,111293,T,B,0,2622000000,1,4,17448,67801,NGG1
1610924401804289183,1610924401794212081,0,1,24512,T,A,0,-18000000,1,4,17813,67847,NGH1-NGJ1
1610924401806274531,1610924401797827079,0,1,121372,T,N,0,-64000000,1,4,17896,67898,NGK1-NGM1
1610924401806274531,1610924401797827079,0,1,204979,T,A,0,-37000000,1,132,17896,67898,NGJ1-NGK1
1610924401806274531,1610924401797827079,0,1,43150,T,N,0,27000000,1,4,17896,67898,NG:BF J1-K1-M1
1610924401806978046,1610924401799309813,0,1,121372,T,A,0,-64000000,1,4,18448,67917,NGK1-NGM1
1610924401806996486,1610924401799310207,0,1,204979,T,A,0,-38000000,1,4,17075,67919,NGJ1-NGK1
1610924401807037662,1610924401799465805,0,1,121372,T,A,0,-64000000,2,4,17555,67921,NGK1-NGM1
1610924401807084870,1610924401799469233,0,1,204979,T,A,0,-38000000,2,4,17479,67923,NGJ1-NGK1
1610924401807116118,1610924401799469567,0,1,62831,T,A,0,-71000000,1,4,17168,67925,NGM1-NGN1
1610924401808003140,1610924401800311469,0,1,111293,T,B,0,2626000000,1,4,21720,67950,NGG1
1610924401808003140,1610924401800311469,0,1,111293,T,B,0,2629000000,5,4,21720,67950,NGG1
1610924401809207686,1610924401800563469,0,1,111293,T,B,0,2622000000,1,132,17884,67979,NGG1
1610924401809207686,1610924401800563469,0,1,111294,T,N,0,2593000000,1,4,17884,67979,NGH1
1610924401809207686,1610924401800563469,0,1,215880,T,N,0,29000000,1,4,17884,67979,NGG1-NGH1
1610924401809345377,1610924401800590329,0,1,111293,T,B,0,2623000000,1,4,19357,67983,NGG1
1610924401809862356,1610924401801359959,0,1,111293,T,B,0,2629000000,3,4,17432,67996,NGG1
1610924401809986316,1610924401801366575,0,1,62831,T,N,0,-70000000,1,4,18084,67998,NGM1-NGN1
1610924401809986316,1610924401801366575,0,1,111301,T,A,0,2795000000,1,132,18084,67998,NGN1
1610924401809986316,1610924401801366575,0,1,111299,T,N,0,2725000000,1,4,18084,67998,NGM1
1610924401810396479,1610924401801369533,0,1,111299,T,N,0,2725000000,1,4,18702,68000,NGM1
1610924401810396479,1610924401801369533,0,1,111301,T,A,0,2795000000,1,132,18702,68000,NGN1
1610924401810396479,1610924401801369533,0,1,62831,T,N,0,-70000000,1,4,18702,68000,NGM1-NGN1
1610924401815663354,1610924401801724217,0,1,111293,T,B,0,2626000000,1,4,19076,68029,NGG1
1610924401815663354,1610924401801724217,0,1,111293,T,B,0,2629000000,2,4,19076,68029,NGG1
1610924401815663354,1610924401801724217,0,1,111293,T,B,0,2630000000,4,4,19076,68029,NGG1
1610924401815663354,1610924401801724217,0,1,215880,T,N,0,30000000,1,4,19076,68029,NGG1-NGH1
1610924401815663354,1610924401801724217,0,1,111294,T,N,0,2596000000,1,4,19076,68029,NGH1
1610924401815924289,1610924401801784955,0,1,111293,T,B,0,2630000000,2,4,20484,68035,NGG1
1610924401816416912,1610924401802013301,0,1,62831,T,A,0,-71000000,1,4,18573,68038,NGM1-NGN1
1610924401819190459,1610924401802731269,0,1,10687,T,A,0,-170000000,5,4,18966,68050,NGG1-NGQ1
1610924401819857402,1610924401804306701,0,1,24512,T,A,0,-18000000,1,4,17698,68069,NGH1-NGJ1
1610924401821136336,1610924401804724739,0,1,111293,T,A,0,2620000000,1,4,16696,68080,NGG1
1610924401821890106,1610924401805127867,0,1,111293,T,B,0,2627000000,1,4,19962,68085,NGG1
1610924401821890106,1610924401805127867,0,1,111293,T,B,0,2632000000,1,4,19962,68085,NGG1
1610924401821890106,1610924401805127867,0,1,111293,T,B,0,2635000000,5,4,19962,68085,NGG1
1610924401821890106,1610924401805127867,0,1,111294,T,N,0,2598000000,1,4,19962,68085,NGH1
1610924401821890106,1610924401805127867,0,1,215880,T,N,0,29000000,1,4,19962,68085,NGG1-NGH1
1610924401824170750,1610924401808146783,0,1,111293,T,N,0,2626000000,1,4,18003,68139,NGG1
1610924401824170750,1610924401808146783,0,1,111296,T,B,0,2616000000,1,132,18003,68139,NGJ1
1610924401824170750,1610924401808146783,0,1,24463,T,N,0,10000000,1,4,18003,68139,NGG1-NGJ1
1610924401825347384,1610924401809325725,0,1,111293,T,B,0,2626000000,1,4,18683,68163,NGG1
1610924401825347384,1610924401809325725,0,1,111293,T,B,0,2628000000,1,4,18683,68163,NGG1
1610924401826480830,1610924401809868895,0,1,111293,T,B,0,2628000000,1,4,17476,68196,NGG1
1610924401826606645,1610924401809871517,0,1,10687,T,A,0,-170000000,1,4,19067,68200,NGG1-NGQ1
1610924401826637165,1610924401809874617,0,1,15052,T,B,0,-19000000,1,4,17930,68202,NGN1-NGQ1
1610924401826994537,1610924401810267255,0,1,10687,T,A,0,-170000000,1,4,18898,68212,NGG1-NGQ1
1610924401827016277,1610924401810270003,0,1,15052,T,B,0,-19000000,1,4,23901,68213,NGN1-NGQ1
1610924401830228543,1610924401812015161,0,1,111293,T,N,0,2630000000,1,4,19216,68239,NGG1
1610924401830228543,1610924401812015161,0,1,215880,T,N,0,29000000,1,4,19216,68239,NGG1-NGH1
1610924401830228543,1610924401812015161,0,1,111294,T,A,0,2601000000,1,132,19216,68239,NGH1
1610924401831742948,1610924401817883179,0,1,111293,T,B,0,2635000000,5,4,22780,68281,NGG1
1610924401832097863,1610924401817885817,0,1,282784,T,A,0,13000000,5,4,18151,68283,NGQ1-NGU1
1610924401832569018,1610924401817888841,0,1,111311,T,N,0,2827000000,5,4,19424,68285,NGV1
1610924401832569018,1610924401817888841,0,1,111305,T,A,0,2805000000,5,132,19424,68285,NGU1
1610924401832569018,1610924401817888841,0,1,41958,T,N,0,-22000000,5,4,19424,68285,NGU1-NGV1
1610924401832740786,1610924401817958557,0,1,111293,T,B,0,2635000000,5,4,18310,68287,NGG1
1610924401835548673,1610924401820864789,0,1,111293,T,N,0,2633000000,8,4,20576,68326,NGG1
1610924401835548673,1610924401820864789,0,1,111294,T,A,0,2604000000,3,4,20576,68326,NGH1
1610924401835548673,1610924401820864789,0,1,111294,T,A,0,2603000000,5,4,20576,68326,NGH1
1610924401835548673,1610924401820864789,0,1,111294,T,A,0,2599000000,1,4,20576,68326,NGH1
1610924401835548673,1610924401820864789,0,1,215880,T,N,0,29000000,3,4,20576,68326,NGG1-NGH1
1610924401835548673,1610924401820864789,0,1,215880,T,N,0,30000000,5,4,20576,68326,NGG1-NGH1
1610924401835548673,1610924401820864789,0,1,111298,T,N,0,2657000000,1,4,20576,68326,NGK1
1610924401835548673,1610924401820864789,0,1,204963,T,N,0,-58000000,1,4,20576,68326,NGH1-NGK1
1610924401836883810,1610924401821443893,0,1,111294,T,N,0,2596000000,1,4,19411,68340,NGH1
1610924401836883810,1610924401821443893,0,1,111293,T,B,0,2626000000,1,132,19411,68340,NGG1
1610924401836883810,1610924401821443893,0,1,24512,T,N,0,-17000000,1,4,19411,68340,NGH1-NGJ1
1610924401836883810,1610924401821443893,0,1,26953,T,N,0,47000000,1,4,19411,68340,NG:BF G1-H1-J1
1610924401837842936,1610924401823011189,0,1,24512,T,A,0,-18000000,1,4,17773,68366,NGH1-NGJ1
1610924401838575267,1610924401823015511,0,1,215880,T,A,0,28000000,1,4,26055,68368,NGG1-NGH1
1610924401838765215,1610924401823172503,0,1,204979,T,A,0,-39000000,1,4,17772,68370,NGJ1-NGK1
1610924401841101478,1610924401825352713,0,1,111293,T,B,0,2626000000,1,4,17886,68423,NGG1
1610924401843590490,1610924401826993213,0,1,111294,T,B,0,2598000000,1,4,19026,68461,NGH1
1610924401846933088,1610924401831619733,0,1,111299,T,B,0,2727000000,1,4,19228,68540,NGM1
1610924401847380683,1610924401831895031,0,1,111305,T,B,0,2805000000,1,132,17910,68552,NGU1
1610924401847380683,1610924401831895031,0,1,282784,T,N,0,13000000,1,4,17910,68552,NGQ1-NGU1
1610924401847380683,1610924401831895031,0,1,111303,T,N,0,2818000000,1,4,17910,68552,NGQ1
1610924401848148793,1610924401832789153,0,1,111293,T,B,0,2629000000,3,4,19542,68565,NGG1
1610924401848148793,1610924401832789153,0,1,111293,T,B,0,2633000000,1,4,19542,68565,NGG1
1610924401848148793,1610924401832789153,0,1,111293,T,B,0,2635000000,3,4,19542,68565,NGG1
1610924401848148793,1610924401832789153,0,1,24463,T,N,0,14000000,1,4,19542,68565,NGG1-NGJ1
1610924401848148793,1610924401832789153,0,1,111296,T,N,0,2619000000,1,4,19542,68565,NGJ1
1610924401849115259,1610924401835473403,0,1,204979,T,A,0,-39000000,1,132,18483,68616,NGJ1-NGK1
1610924401849115259,1610924401835473403,0,1,121372,T,N,0,-65000000,1,4,18483,68616,NGK1-NGM1
1610924401849115259,1610924401835473403,0,1,43150,T,N,0,26000000,1,4,18483,68616,NG:BF J1-K1-M1
1610924401849213943,1610924401835560269,0,1,215880,T,B,0,29000000,1,4,18036,68620,NGG1-NGH1
1610924401849213943,1610924401835560269,0,1,24512,T,N,0,-18000000,1,4,18036,68620,NGH1-NGJ1
1610924401849213943,1610924401835560269,0,1,26953,T,N,0,47000000,1,4,18036,68620,NG:BF G1-H1-J1
1610924401849269299,1610924401835563689,0,1,121372,T,N,0,-65000000,1,4,17944,68622,NGK1-NGM1
1610924401849269299,1610924401835563689,0,1,111299,T,N,0,2725000000,1,4,17944,68622,NGM1
1610924401849269299,1610924401835563689,0,1,111298,T,A,0,2660000000,1,132,17944,68622,NGK1
1610924401849838942,1610924401835651003,0,1,121372,T,A,0,-65000000,1,4,18711,68624,NGK1-NGM1
1610924401850447829,1610924401835735835,0,1,121372,T,N,0,-65000000,1,4,18418,68631,NGK1-NGM1
1610924401850447829,1610924401835735835,0,1,111298,T,A,0,2660000000,1,132,18418,68631,NGK1
1610924401850447829,1610924401835735835,0,1,111299,T,N,0,2725000000,1,4,18418,68631,NGM1
1610924401850978420,1610924401835739247,0,1,215880,T,N,0,30000000,1,4,19460,68633,NGG1-NGH1
1610924401850978420,1610924401835739247,0,1,111293,T,N,0,2628000000,1,4,19460,68633,NGG1
1610924401850978420,1610924401835739247,0,1,111294,T,A,0,2598000000,1,132,19460,68633,NGH1
1610924401851528559,1610924401835753887,0,1,111298,T,N,0,2657000000,1,4,19282,68637,NGK1
1610924401851528559,1610924401835753887,0,1,121372,T,N,0,-65000000,1,4,19282,68637,NGK1-NGM1
1610924401851528559,1610924401835753887,0,1,43150,T,N,0,26000000,1,4,19282,68637,NG:BF J1-K1-M1
1610924401851528559,1610924401835753887,0,1,111296,T,A,0,2618000000,1,132,19282,68637,NGJ1
1610924401852484853,1610924401836733029,0,1,111293,T,B,0,2635000000,7,4,17460,68655,NGG1
1610924401853073076,1610924401836736307,0,1,121372,T,N,0,-65000000,1,4,18792,68657,NGK1-NGM1
1610924401853073076,1610924401836736307,0,1,111298,T,A,0,2660000000,1,132,18792,68657,NGK1
1610924401853073076,1610924401836736307,0,1,111299,T,N,0,2725000000,1,4,18792,68657,NGM1
1610924401853742459,1610924401837544739,0,1,10687,T,A,0,-180000000,1,4,18152,68667,NGG1-NGQ1
1610924401854195954,1610924401837736725,0,1,111299,T,N,0,2725000000,1,4,18665,68669,NGM1
1610924401854195954,1610924401837736725,0,1,111298,T,A,0,2660000000,1,132,18665,68669,NGK1
1610924401854195954,1610924401837736725,0,1,121372,T,N,0,-65000000,1,4,18665,68669,NGK1-NGM1
1610924401854837545,1610924401837899185,0,1,215880,T,N,0,29000000,1,4,18705,68678,NGG1-NGH1
1610924401854837545,1610924401837899185,0,1,26953,T,N,0,47000000,1,4,18705,68678,NG:BF G1-H1-J1
1610924401854837545,1610924401837899185,0,1,24512,T,A,0,-18000000,1,132,18705,68678,NGH1-NGJ1
1610924401855317036,1610924401838737019,0,1,121372,T,N,0,-65000000,1,4,18797,68680,NGK1-NGM1
1610924401855317036,1610924401838737019,0,1,111298,T,A,0,2660000000,1,132,18797,68680,NGK1
1610924401855317036,1610924401838737019,0,1,111299,T,N,0,2725000000,1,4,18797,68680,NGM1
1610924401856163230,1610924401838971347,0,1,215880,T,A,0,29000000,1,4,18497,68683,NGG1-NGH1
1610924401857296540,1610924401840168595,0,1,111301,T,N,0,2799000000,1,4,18772,68702,NGN1
1610924401857296540,1610924401840168595,0,1,209623,T,N,0,-90000000,1,4,18772,68702,NGN1-NGX1
1610924401857296540,1610924401840168595,0,1,111313,T,B,0,2889000000,1,132,18772,68702,NGX1
1610924401858820117,1610924401840718999,0,1,215880,T,N,0,30000000,2,4,20460,68710,NGG1-NGH1
1610924401858820117,1610924401840718999,0,1,111293,T,B,0,2628000000,1,4,20460,68710,NGG1
1610924401858820117,1610924401840718999,0,1,111293,T,B,0,2631000000,1,4,20460,68710,NGG1
1610924401858820117,1610924401840718999,0,1,111293,T,B,0,2635000000,1,4,20460,68710,NGG1
1610924401858820117,1610924401840718999,0,1,111294,T,N,0,2598000000,1,4,20460,68710,NGH1
1610924401858820117,1610924401840718999,0,1,111294,T,N,0,2601000000,1,4,20460,68710,NGH1
1610924401859854075,1610924401842315055,0,1,10687,T,A,0,-180000000,2,4,17581,68732,NGG1-NGQ1
1610924401860040615,1610924401843787283,0,1,111293,T,A,0,2635000000,2,4,18832,68741,NGG1
1610924401860933749,1610924401844866737,0,1,111293,T,N,0,2635000000,1,4,18834,68756,NGG1
1610924401860933749,1610924401844866737,0,1,111294,T,A,0,2605000000,1,132,18834,68756,NGH1
1610924401860933749,1610924401844866737,0,1,215880,T,N,0,30000000,1,4,18834,68756,NGG1-NGH1
1610924401863629288,1610924401846307919,0,1,215880,T,N,0,29000000,2,4,24803,68817,NGG1-NGH1
1610924401863629288,1610924401846307919,0,1,24512,T,A,0,-18000000,2,4,24803,68817,NGH1-NGJ1
1610924401863629288,1610924401846307919,0,1,26953,T,N,0,47000000,2,4,24803,68817,NG:BF G1-H1-J1
1610924401863912348,1610924401846657269,0,1,111293,T,A,0,2622000000,1,4,21005,68827,NGG1
1610924401864156919,1610924401846834019,0,1,111293,T,B,0,2635000000,1,4,20479,68831,NGG1
1610924401864156919,1610924401846834019,0,1,111293,T,B,0,2638000000,1,4,20479,68831,NGG1
1610924401864156919,1610924401846834019,0,1,111293,T,B,0,2640000000,1,4,20479,68831,NGG1
1610924401864156919,1610924401846834019,0,1,111293,T,B,0,2641000000,1,4,20479,68831,NGG1
1610924401864156919,1610924401846834019,0,1,111293,T,B,0,2642000000,1,4,20479,68831,NGG1
1610924401864156919,1610924401846834019,0,1,26953,T,N,0,47000000,3,4,20479,68831,NG:BF G1-H1-J1
1610924401864156919,1610924401846834019,0,1,24512,T,N,0,-18000000,3,4,20479,68831,NGH1-NGJ1
1610924401864156919,1610924401846834019,0,1,215880,T,N,0,30000000,2,4,20479,68831,NGG1-NGH1
1610924401864156919,1610924401846834019,0,1,111294,T,N,0,2606000000,1,4,20479,68831,NGH1
1610924401864156919,1610924401846834019,0,1,111294,T,N,0,2609000000,1,4,20479,68831,NGH1
1610924401864156919,1610924401846834019,0,1,111294,T,N,0,2611000000,2,4,20479,68831,NGH1
1610924401864156919,1610924401846834019,0,1,111294,T,N,0,2612000000,1,4,20479,68831,NGH1
1610924401864515667,1610924401846898429,0,1,24512,T,B,0,-17000000,1,4,22041,68836,NGH1-NGJ1
1610924401865744308,1610924401847872585,0,1,111293,T,A,0,2642000000,1,4,17798,68847,NGG1
1610924401866485179,1610924401848123141,0,1,111293,T,N,0,2642000000,1,4,19714,68849,NGG1
1610924401866485179,1610924401848123141,0,1,111294,T,A,0,2612000000,1,132,19714,68849,NGH1
1610924401866485179,1610924401848123141,0,1,215880,T,N,0,30000000,1,4,19714,68849,NGG1-NGH1
1610924401867707589,1610924401849281795,0,1,111299,T,A,0,2725000000,4,4,17568,68878,NGM1
1610924401868038564,1610924401850220613,0,1,215880,T,A,0,29000000,1,4,17383,68886,NGG1-NGH1
1610924401868568479,1610924401852681891,0,1,204979,T,A,0,-39000000,1,4,18467,68900,NGJ1-NGK1
1610924401869197222,1610924401853676729,0,1,282784,T,A,0,13000000,1,4,18129,68910,NGQ1-NGU1
1610924401869961004,1610924401853679285,0,1,111305,T,A,0,2805000000,1,132,18659,68912,NGU1
1610924401869961004,1610924401853679285,0,1,41958,T,N,0,-22000000,1,4,18659,68912,NGU1-NGV1
1610924401869961004,1610924401853679285,0,1,111311,T,N,0,2827000000,1,4,18659,68912,NGV1
1610924401870237428,1610924401854368553,0,1,111293,T,A,0,2642000000,3,4,17933,68916,NGG1
1610924401871150046,1610924401856472791,0,1,121360,T,B,0,-106000000,1,4,18962,68928,NGJ1-NGM1
1610924401871774777,1610924401856562547,0,1,204979,T,A,0,-39000000,1,4,18033,68931,NGJ1-NGK1
1610924401872531088,1610924401856568985,0,1,121372,T,A,0,-65000000,1,4,17998,68933,NGK1-NGM1
1610924401875968961,1610924401859312467,0,1,282784,T,A,0,13000000,2,4,18005,68989,NGQ1-NGU1
1610924401876622228,1610924401859315083,0,1,111311,T,N,0,2827000000,2,4,23410,68991,NGV1
1610924401876622228,1610924401859315083,0,1,41958,T,N,0,-22000000,2,4,23410,68991,NGU1-NGV1
1610924401876622228,1610924401859315083,0,1,111305,T,A,0,2805000000,2,132,23410,68991,NGU1
1610924401878018442,1610924401860133693,0,1,111293,T,A,0,2636000000,1,4,17849,69009,NGG1
1610924401878584344,1610924401860267245,0,1,209631,T,A,0,-56000000,1,4,17505,69012,NGV1-NGX1
1610924401882771821,1610924401865402923,0,1,282784,T,A,0,13000000,1,4,18410,69086,NGQ1-NGU1
1610924401883356640,1610924401865403779,0,1,15052,T,A,0,-20000000,1,4,18272,69088,NGN1-NGQ1
1610924401884756377,1610924401868163533,0,1,121372,T,N,0,-65000000,1,4,18263,69112,NGK1-NGM1
1610924401884756377,1610924401868163533,0,1,111299,T,B,0,2725000000,1,4,18263,69112,NGM1
1610924401884756377,1610924401868163533,0,1,111298,T,N,0,2660000000,1,4,18263,69112,NGK1
1610924401885869927,1610924401868787155,0,1,215880,T,B,0,29000000,1,4,19030,69122,NGG1-NGH1
1610924401885869927,1610924401868787155,0,1,24512,T,N,0,-18000000,1,4,19030,69122,NGH1-NGJ1
1610924401885869927,1610924401868787155,0,1,26953,T,N,0,47000000,1,4,19030,69122,NG:BF G1-H1-J1
1610924401887099217,1610924401870552801,0,1,26953,T,N,0,47000000,1,4,19251,69145,NG:BF G1-H1-J1
1610924401887099217,1610924401870552801,0,1,24512,T,N,0,-18000000,1,4,19251,69145,NGH1-NGJ1
1610924401887099217,1610924401870552801,0,1,215880,T,B,0,29000000,1,132,19251,69145,NGG1-NGH1
1610924401887910731,1610924401871002875,0,1,121372,T,N,0,-65000000,1,4,18903,69149,NGK1-NGM1
1610924401887910731,1610924401871002875,0,1,204979,T,A,0,-39000000,1,132,18903,69149,NGJ1-NGK1
1610924401887910731,1610924401871002875,0,1,43150,T,N,0,26000000,1,4,18903,69149,NG:BF J1-K1-M1
1610924401888379726,1610924401871020413,0,1,121372,T,A,0,-65000000,1,4,17946,69151,NGK1-NGM1
1610924401889991863,1610924401875570699,0,1,111293,T,A,0,2636000000,1,4,17954,69186,NGG1
1610924401893848104,1610924401880210929,0,1,111293,T,B,0,2638000000,2,4,21572,69256,NGG1
1610924401893848104,1610924401880210929,0,1,111293,T,B,0,2639000000,2,4,21572,69256,NGG1
1610924401893848104,1610924401880210929,0,1,111293,T,B,0,2643000000,1,4,21572,69256,NGG1
1610924401893848104,1610924401880210929,0,1,111293,T,B,0,2644000000,2,4,21572,69256,NGG1
1610924401893848104,1610924401880210929,0,1,111293,T,B,0,2645000000,1,4,21572,69256,NGG1
1610924401893848104,1610924401880210929,0,1,111293,T,B,0,2646000000,2,4,21572,69256,NGG1
1610924401893848104,1610924401880210929,0,1,24512,T,N,0,-18000000,2,4,21572,69256,NGH1-NGJ1
1610924401893848104,1610924401880210929,0,1,26953,T,N,0,47000000,2,4,21572,69256,NG:BF G1-H1-J1
1610924401893848104,1610924401880210929,0,1,111294,T,N,0,2610000000,1,4,21572,69256,NGH1
1610924401893848104,1610924401880210929,0,1,111294,T,N,0,2614000000,1,4,21572,69256,NGH1
1610924401894291103,1610924401885016821,0,1,111299,T,N,0,2726000000,1,4,20500,69280,NGM1
1610924401894291103,1610924401885016821,0,1,111301,T,B,0,2797000000,1,132,20500,69280,NGN1
1610924401894291103,1610924401885016821,0,1,62831,T,N,0,-71000000,1,4,20500,69280,NGM1-NGN1
1610924401895021350,1610924401887762203,0,1,111299,T,N,0,2725000000,1,4,24364,69305,NGM1
1610924401895021350,1610924401887762203,0,1,121372,T,N,0,-65000000,1,4,24364,69305,NGK1-NGM1
1610924401895021350,1610924401887762203,0,1,111298,T,A,0,2660000000,1,4,24364,69305,NGK1
1610924401903716838,1610924401900567733,0,1,111294,T,A,0,2609000000,1,132,19101,69507,NGH1
1610924401903716838,1610924401900567733,0,1,26953,T,N,0,47000000,1,4,19101,69507,NG:BF G1-H1-J1
1610924401903716838,1610924401900567733,0,1,24512,T,N,0,-17000000,1,4,19101,69507,NGH1-NGJ1
1610924401903716838,1610924401900567733,0,1,111293,T,N,0,2639000000,1,4,19101,69507,NGG1
1610924401904983611,1610924401903459995,0,1,111293,T,N,0,2640000000,1,4,18529,69534,NGG1
1610924401904983611,1610924401903459995,0,1,24512,T,N,0,-17000000,1,4,18529,69534,NGH1-NGJ1
1610924401904983611,1610924401903459995,0,1,26953,T,N,0,47000000,1,4,18529,69534,NG:BF G1-H1-J1
1610924401904983611,1610924401903459995,0,1,111294,T,A,0,2610000000,1,132,18529,69534,NGH1
1610924401913112628,1610924401912511655,0,1,111293,T,A,0,2639000000,1,4,17987,69589,NGG1
1610924401916510578,1610924401914940305,0,1,111293,T,B,0,2640000000,1,4,19335,69621,NGG1
1610924401916510578,1610924401914940305,0,1,111294,T,N,0,2610000000,1,4,19335,69621,NGH1
1610924401916510578,1610924401914940305,0,1,26953,T,N,0,47000000,1,4,19335,69621,NG:BF G1-H1-J1
1610924401916510578,1610924401914940305,0,1,24512,T,N,0,-17000000,1,4,19335,69621,NGH1-NGJ1
1610924401921641876,1610924401919747457,0,1,24512,T,N,0,-17000000,3,4,20794,69656,NGH1-NGJ1
1610924401921641876,1610924401919747457,0,1,26953,T,N,0,47000000,3,4,20794,69656,NG:BF G1-H1-J1
1610924401921641876,1610924401919747457,0,1,111294,T,N,0,2613000000,1,4,20794,69656,NGH1
1610924401921641876,1610924401919747457,0,1,111294,T,N,0,2617000000,2,4,20794,69656,NGH1
1610924401921641876,1610924401919747457,0,1,111293,T,B,0,2643000000,1,4,20794,69656,NGG1
1610924401921641876,1610924401919747457,0,1,111293,T,B,0,2646000000,1,4,20794,69656,NGG1
1610924401921641876,1610924401919747457,0,1,111293,T,B,0,2647000000,3,4,20794,69656,NGG1
1610924401922570995,1610924401921947025,0,1,111293,T,A,0,2647000000,3,4,22811,69682,NGG1
1610924401924165352,1610924401923256553,0,1,111294,T,B,0,2610000000,1,132,18689,69732,NGH1
1610924401924165352,1610924401923256553,0,1,111298,T,N,0,2663000000,1,4,18689,69732,NGK1
1610924401924165352,1610924401923256553,0,1,204963,T,N,0,-53000000,1,4,18689,69732,NGH1-NGK1
1610924401972172642,1610924401971473515,0,1,111293,T,B,0,2642000000,1,4,17840,69853,NGG1
1610924402001239984,1610924402000050955,0,1,111301,T,A,0,2796000000,1,132,21448,69896,NGN1
1610924402001239984,1610924402000050955,0,1,111305,T,N,0,2805000000,1,4,21448,69896,NGU1
1610924402001239984,1610924402000050955,0,1,282767,T,N,0,-9000000,1,4,21448,69896,NGN1-NGU1
1610924402009704804,1610924402001780107,0,1,15052,T,A,0,-20000000,1,4,17558,69904,NGN1-NGQ1
1610924402009750764,1610924402001780689,0,1,282784,T,A,0,13000000,1,4,17033,69906,NGQ1-NGU1
1610924402012212044,1610924402010925323,0,1,111293,T,B,0,2642000000,1,4,19245,69915,NGG1
1610924402012212044,1610924402010925323,0,1,111293,T,B,0,2643000000,1,4,19245,69915,NGG1
1610924402012212044,1610924402010925323,0,1,111294,T,N,0,2612000000,1,4,19245,69915,NGH1
1610924402012212044,1610924402010925323,0,1,26953,T,N,0,47000000,1,4,19245,69915,NG:BF G1-H1-J1
1610924402012212044,1610924402010925323,0,1,24512,T,N,0,-17000000,1,4,19245,69915,NGH1-NGJ1
1610924402014004420,1610924402011496923,0,1,111293,T,A,0,2640000000,2,4,18318,69921,NGG1
1610924402023987450,1610924402022414043,0,1,111293,T,B,0,2642000000,1,4,19822,69992,NGG1
1610924402023987450,1610924402022414043,0,1,24512,T,N,0,-17000000,1,4,19822,69992,NGH1-NGJ1
1610924402023987450,1610924402022414043,0,1,26953,T,N,0,47000000,1,4,19822,69992,NG:BF G1-H1-J1
1610924402023987450,1610924402022414043,0,1,111294,T,N,0,2612000000,1,4,19822,69992,NGH1
1610924402024816508,1610924402024216659,0,1,111293,T,A,0,2642000000,1,4,18943,70000,NGG1
1610924402036168363,1610924402035283915,0,1,111293,T,B,0,2644000000,2,4,18282,70021,NGG1
1610924402036934189,1610924402036289915,0,1,111293,T,A,0,2644000000,1,4,17337,70035,NGG1
1610924402048976555,1610924402047524229,0,1,111293,T,B,0,2645000000,1,4,19314,70128,NGG1
1610924402048976555,1610924402047524229,0,1,111294,T,N,0,2615000000,1,4,19314,70128,NGH1
1610924402048976555,1610924402047524229,0,1,26953,T,N,0,47000000,1,4,19314,70128,NG:BF G1-H1-J1
1610924402048976555,1610924402047524229,0,1,24512,T,N,0,-17000000,1,4,19314,70128,NGH1-NGJ1
1610924402075181430,1610924402074014299,0,1,111293,T,B,0,2645000000,1,4,19266,70188,NGG1
1610924402075181430,1610924402074014299,0,1,111293,T,B,0,2646000000,2,4,19266,70188,NGG1
1610924402075181430,1610924402074014299,0,1,111293,T,B,0,2648000000,7,4,19266,70188,NGG1
1610924402089775875,1610924402088679053,0,1,24512,T,A,0,-18000000,1,4,18935,70230,NGH1-NGJ1
1610924402107785037,1610924402106781997,0,1,111301,T,N,0,2802000000,1,4,19190,70239,NGN1
1610924402107785037,1610924402106781997,0,1,111296,T,N,0,2625000000,1,4,19190,70239,NGJ1
1610924402107785037,1610924402106781997,0,1,62635,T,A,0,-177000000,1,4,19190,70239,NGJ1-NGN1
1610924402116839609,1610924402108058549,0,1,62635,T,B,0,-178000000,1,4,17590,70270,NGJ1-NGN1
1610924402116917873,1610924402108121321,0,1,204979,T,A,0,-39000000,1,4,16575,70276,NGJ1-NGK1
1610924402116949980,1610924402108124405,0,1,121372,T,A,0,-65000000,1,4,17348,70278,NGK1-NGM1
1610924402116991872,1610924402108130775,0,1,62831,T,A,0,-71000000,1,4,17586,70280,NGM1-NGN1
1610924402117134532,1610924402108965271,0,1,204979,T,A,0,-39000000,1,4,16765,70284,NGJ1-NGK1
1610924402117168224,1610924402108967767,0,1,121372,T,A,0,-65000000,1,4,17332,70286,NGK1-NGM1
1610924402117207824,1610924402108970397,0,1,62831,T,A,0,-71000000,1,4,17117,70288,NGM1-NGN1
1610924402240210301,1610924402238572627,0,1,111293,T,B,0,2643000000,1,132,20063,70389,NGG1
1610924402240210301,1610924402238572627,0,1,111294,T,N,0,2612000000,1,4,20063,70389,NGH1
1610924402240210301,1610924402238572627,0,1,215880,T,N,0,31000000,1,4,20063,70389,NGG1-NGH1
1610924402325670123,1610924402324786111,0,1,111293,T,A,0,2639000000,1,4,19389,70474,NGG1
1610924402388711618,1610924402386954383,0,1,111293,T,A,0,2636000000,1,4,29571,70602,NGG1
1610924402388711618,1610924402386954383,0,1,111293,T,A,0,2635000000,3,4,29571,70602,NGG1
1610924402388711618,1610924402386954383,0,1,111293,T,A,0,2633000000,1,4,29571,70602,NGG1
1610924402388711618,1610924402386954383,0,1,215880,T,N,0,28000000,1,4,29571,70602,NGG1-NGH1
1610924402388711618,1610924402386954383,0,1,111294,T,N,0,2607000000,1,4,29571,70602,NGH1
1610924402412114731,1610924402391956657,0,1,282784,T,N,0,13000000,1,4,25362,70683,NGQ1-NGU1
1610924402412114731,1610924402391956657,0,1,111305,T,N,0,2805000000,1,4,25362,70683,NGU1
1610924402412114731,1610924402391956657,0,1,111303,T,A,0,2818000000,1,132,25362,70683,NGQ1
1610924402454794408,1610924402453779511,0,1,111293,T,A,0,2633000000,4,4,19264,70789,NGG1
1610924402455849254,1610924402455067963,0,1,10687,T,A,0,-180000000,2,4,19152,70796,NGG1-NGQ1
1610924402456270909,1610924402455766551,0,1,111293,T,B,0,2636000000,2,4,18400,70801,NGG1
1610924402456665913,1610924402455769047,0,1,282784,T,A,0,13000000,2,4,18706,70803,NGQ1-NGU1
1610924402457303436,1610924402455771797,0,1,111305,T,A,0,2805000000,2,132,18850,70805,NGU1
1610924402457303436,1610924402455771797,0,1,41958,T,N,0,-22000000,2,4,18850,70805,NGU1-NGV1
1610924402457303436,1610924402455771797,0,1,111311,T,N,0,2827000000,2,4,18850,70805,NGV1
1610924402799976159,1610924402798280797,0,1,111293,T,B,0,2637000000,1,4,20504,70999,NGG1
1610924402799976159,1610924402798280797,0,1,111293,T,B,0,2639000000,2,4,20504,70999,NGG1
1610924402799976159,1610924402798280797,0,1,111293,T,B,0,2640000000,2,4,20504,70999,NGG1
1610924402799976159,1610924402798280797,0,1,111294,T,N,0,2608000000,2,4,20504,70999,NGH1
1610924402799976159,1610924402798280797,0,1,215880,T,N,0,31000000,2,4,20504,70999,NGG1-NGH1
1610924402802409598,1610924402800107383,0,1,111293,T,N,0,2640000000,1,4,17789,71062,NGG1
1610924402802409598,1610924402800107383,0,1,111296,T,A,0,2624000000,1,132,17789,71062,NGJ1
1610924402802409598,1610924402800107383,0,1,24463,T,N,0,16000000,1,4,17789,71062,NGG1-NGJ1
1610924402803471412,1610924402801209175,0,1,24512,T,B,0,-17000000,1,4,18944,71093,NGH1-NGJ1
1610924402804117219,1610924402802226797,0,1,111293,T,A,0,2640000000,4,4,17692,71118,NGG1
1610924402806766282,1610924402802346155,0,1,204979,T,B,0,-38000000,5,4,18145,71122,NGJ1-NGK1
1610924402807276773,1610924402803095699,0,1,204979,T,A,0,-38000000,1,4,17617,71138,NGJ1-NGK1
1610924402807462981,1610924402803538367,0,1,215880,T,A,0,31000000,1,4,19163,71152,NGG1-NGH1
1610924402807547805,1610924402803684517,0,1,111294,T,A,0,2609000000,1,4,18567,71159,NGH1
1610924402818094633,1610924402817255601,0,1,24512,T,A,0,-18000000,2,4,18407,71397,NGH1-NGJ1
1610924402829790920,1610924402829000451,0,1,121372,T,A,0,-65000000,4,4,18501,71427,NGK1-NGM1
1610924402888595719,1610924402887133517,0,1,111293,T,A,0,2640000000,1,4,20962,71580,NGG1
1610924402888974302,1610924402887140543,0,1,111293,T,A,0,2640000000,1,4,20661,71581,NGG1
1610924402888974302,1610924402887140543,0,1,111293,T,A,0,2639000000,1,4,20661,71581,NGG1
1610924402889400158,1610924402887148097,0,1,111293,T,B,0,2641000000,2,4,23143,71590,NGG1
1610924402907886771,1610924402907370559,0,1,111293,T,A,0,2636000000,1,4,18671,71728,NGG1
1610924402909163281,1610924402908022665,0,1,111293,T,B,0,2636000000,1,4,16966,71742,NGG1
1610924402909463657,1610924402908069081,0,1,111305,T,N,0,2805000000,1,4,18054,71751,NGU1
1610924402909463657,1610924402908069081,0,1,282784,T,N,0,13000000,1,4,18054,71751,NGQ1-NGU1
1610924402909463657,1610924402908069081,0,1,111303,T,A,0,2818000000,1,132,18054,71751,NGQ1
1610924403015807880,1610924403015128389,0,1,111293,T,B,0,2639000000,1,4,18449,71855,NGG1
1610924403015807880,1610924403015128389,0,1,111293,T,B,0,2640000000,1,4,18449,71855,NGG1
1610924403078838060,1610924403078386173,0,1,111293,T,B,0,2642000000,1,4,18401,71920,NGG1
1610924403105005956,1610924403103983537,0,1,121372,T,A,0,-65000000,6,132,19174,71931,NGK1-NGM1
1610924403105005956,1610924403103983537,0,1,62831,T,N,0,-71000000,6,4,19174,71931,NGM1-NGN1
1610924403105005956,1610924403103983537,0,1,34802,T,N,0,6000000,6,4,19174,71931,NG:BF K1-M1-N1
1610924403109693147,1610924403109345601,0,1,111293,T,A,0,2640000000,1,4,17932,71936,NGG1
1610924403223361563,1610924403222894513,0,1,111293,T,B,0,2642000000,2,4,17873,71957,NGG1
1610924403223923462,1610924403223423169,0,1,111293,T,B,0,2642000000,1,4,18403,71962,NGG1
1610924403398768939,1610924403398295409,0,1,111293,T,A,0,2640000000,1,4,17974,71996,NGG1
1610924403418426151,1610924403417822511,0,1,19540,T,A,0,-275000000,10,4,18348,72003,NGV1-NGF2
1610924403419611721,1610924403419087925,0,1,19540,T,A,0,-275000000,3,4,18664,72013,NGV1-NGF2
1610924403421256630,1610924403419745407,0,1,19540,T,B,0,-275000000,1,4,18349,72027,NGV1-NGF2
1610924403421895341,1610924403419755981,0,1,209631,T,A,0,-56000000,1,4,25808,72028,NGV1-NGX1
1610924403421895341,1610924403419761897,0,1,158336,T,A,0,-127000000,1,4,25808,72028,NGX1-NGZ1
1610924403472206341,1610924403471587881,0,1,111299,T,A,0,2726000000,1,4,17862,72054,NGM1
1610924403549236845,1610924403548835903,0,1,111293,T,B,0,2643000000,1,4,18670,72083,NGG1
1610924403588258757,1610924403587851309,0,1,111293,T,B,0,2642000000,2,4,18173,72094,NGG1
1610924403775527752,1610924403775097459,0,1,111293,T,A,0,2640000000,1,4,17713,72125,NGG1
1610924403797856219,1610924403797467113,0,1,111293,T,B,0,2642000000,2,4,17932,72138,NGG1
1610924403887844019,1610924403887424811,0,1,111293,T,B,0,2642000000,1,4,17722,72157,NGG1
1610924403953970842,1610924403953585029,0,1,111293,T,B,0,2642000000,1,4,17684,72182,NGG1
1610924404139367948,1610924404138583675,0,1,62831,T,A,0,-71000000,10,4,18588,72200,NGM1-NGN1
1610924404140222807,1610924404139277079,0,1,62831,T,A,0,-71000000,4,4,19285,72203,NGM1-NGN1
1610924404140222807,1610924404139277079,0,1,15052,T,N,0,-20000000,4,4,19285,72203,NGN1-NGQ1
1610924404140222807,1610924404139277079,0,1,91692,T,N,0,-51000000,4,4,19285,72203,NG:BF M1-N1-Q1
1610924404141760888,1610924404141188539,0,1,62831,T,B,0,-71000000,4,4,18007,72268,NGM1-NGN1
1610924404232349307,1610924404231837161,0,1,111293,T,B,0,2642000000,1,4,17532,72403,NGG1
1610924404236516959,1610924404236084365,0,1,111293,T,B,0,2643000000,1,4,17841,72410,NGG1
1610924404291876472,1610924404291202851,0,1,111293,T,B,0,2644000000,3,4,21223,72490,NGG1
1610924404291876472,1610924404291202851,0,1,111293,T,B,0,2645000000,1,4,21223,72490,NGG1
1610924404516631841,1610924404516215011,0,1,111293,T,B,0,2645000000,2,4,17577,72605,NGG1
1610924404522201410,1610924404517691911,0,1,204979,T,N,0,-39000000,1,4,19369,72748,NGJ1-NGK1
1610924404522201410,1610924404517691911,0,1,111296,T,N,0,2632000000,1,4,19369,72748,NGJ1
1610924404522201410,1610924404517691911,0,1,111298,T,B,0,2671000000,1,132,19369,72748,NGK1
1610924404751496771,1610924404750943803,0,1,24512,T,A,0,-18000000,1,4,17564,72946,NGH1-NGJ1
1610924404834751895,1610924404834307649,0,1,111293,T,B,0,2646000000,1,4,17609,72990,NGG1
1610924405198436924,1610924405197538525,0,1,111303,T,N,0,2827000000,1,4,17865,73074,NGQ1
1610924405198436924,1610924405197538525,0,1,111314,T,B,0,3024000000,1,132,17865,73074,NGZ1
1610924405198436924,1610924405197538525,0,1,158324,T,N,0,-197000000,1,4,17865,73074,NGQ1-NGZ1
1610924405200485880,1610924405199994951,0,1,209631,T,A,0,-56000000,1,4,17898,73097,NGV1-NGX1
1610924405200774048,1610924405199995227,0,1,41958,T,A,0,-22000000,1,4,17357,73099,NGU1-NGV1
1610924405201087499,1610924405199995517,0,1,158336,T,A,0,-129000000,1,4,18408,73101,NGX1-NGZ1
1610924405203152683,1610924405202605143,0,1,282784,T,A,0,13000000,1,4,18590,73106,NGQ1-NGU1
1610924405204095906,1610924405203447521,0,1,282784,T,A,0,13000000,1,4,17758,73108,NGQ1-NGU1
1610924405442040489,1610924405441679769,0,1,111293,T,B,0,2647000000,1,4,17838,73183,NGG1
1610924405443437874,1610924405442050457,0,1,111293,T,B,0,2648000000,3,4,18897,73189,NGG1
1610924405443478518,1610924405442053809,0,1,24512,T,N,0,-17000000,1,4,25974,73192,NGH1-NGJ1
1610924405443478518,1610924405442053809,0,1,111296,T,A,0,2631000000,1,132,25974,73192,NGJ1
1610924405443478518,1610924405442053809,0,1,111294,T,N,0,2614000000,1,4,25974,73192,NGH1
1610924405887305483,1610924405886799693,0,1,111293,T,A,0,2648000000,1,4,18064,73383,NGG1
1610924406164765154,1610924406162671297,0,1,111293,T,B,0,2649000000,1,4,17858,73421,NGG1
1610924406217646968,1610924406216864943,0,1,19540,T,A,0,-277000000,1,4,17899,73427,NGV1-NGF2
1610924406219438165,1610924406218937673,0,1,209631,T,A,0,-56000000,1,4,17579,73433,NGV1-NGX1
1610924406219732956,1610924406218942665,0,1,158336,T,A,0,-129000000,1,4,18151,73435,NGX1-NGZ1
1610924406221275042,1610924406220802135,0,1,17356,T,A,0,-91000000,1,4,17709,73439,NGZ1-NGF2
1610924406231610586,1610924406231195361,0,1,111293,T,B,0,2649000000,2,4,17568,73447,NGG1
1610924406428795827,1610924406428302661,0,1,111293,T,B,0,2649000000,1,4,18078,73495,NGG1
1610924406615228795,1610924406614749559,0,1,111293,T,B,0,2649000000,1,4,17652,73545,NGG1
1610924406615688535,1610924406615238957,0,1,111293,T,B,0,2649000000,5,4,18415,73548,NGG1
1610924406616357905,1610924406615952261,0,1,111293,T,B,0,2649000000,2,4,18081,73560,NGG1
1610924406616951572,1610924406616378315,0,1,24512,T,B,0,-17000000,5,4,18620,73567,NGH1-NGJ1
1610924406618319342,1610924406617932015,0,1,111293,T,B,0,2649000000,1,4,17883,73593,NGG1
1610924406767105316,1610924406766350537,0,1,111293,T,B,0,2649000000,2,4,26847,73624,NGG1
1610924406768234150,1610924406767136395,0,1,111293,T,B,0,2651000000,1,4,20853,73630,NGG1
1610924406768251230,1610924406767136395,0,1,111293,T,B,0,2651000000,1,4,19485,73631,NGG1
1610924406812479964,1610924406811987505,0,1,111293,T,A,0,2650000000,1,4,17871,73660,NGG1
1610924406813064511,1610924406811989217,0,1,24512,T,N,0,-16000000,1,4,18466,73664,NGH1-NGJ1
1610924406813064511,1610924406811989217,0,1,111294,T,N,0,2616000000,1,4,18466,73664,NGH1
1610924406813064511,1610924406811989217,0,1,111296,T,A,0,2632000000,1,132,18466,73664,NGJ1
1610924406813192403,1610924406811993099,0,1,111293,T,B,0,2652000000,5,4,17800,73668,NGG1
1610924407318028993,1610924407316990525,0,1,111293,T,A,0,2651000000,2,4,17617,73799,NGG1
1610924407567053734,1610924407566459559,0,1,111293,T,B,0,2653000000,1,4,18591,73816,NGG1
1610924408162860624,1610924408161314085,0,1,111293,T,B,0,2653000000,4,4,19023,73844,NGG1
1610924408424987504,1610924408423903487,0,1,111293,T,B,0,2652000000,4,4,20069,73889,NGG1
1610924408424987504,1610924408423903487,0,1,111293,T,B,0,2653000000,2,4,20069,73889,NGG1
1610924408424987504,1610924408423903487,0,1,111293,T,B,0,2654000000,1,4,20069,73889,NGG1
1610924408424987504,1610924408423903487,0,1,111294,T,N,0,2622000000,1,4,20069,73889,NGH1
1610924408424987504,1610924408423903487,0,1,215880,T,N,0,32000000,1,4,20069,73889,NGG1-NGH1
1610924408426024098,1610924408425230943,0,1,111293,T,N,0,2654000000,1,4,18295,73913,NGG1
1610924408426024098,1610924408425230943,0,1,111296,T,A,0,2636000000,1,132,18295,73913,NGJ1
1610924408426024098,1610924408425230943,0,1,24463,T,N,0,18000000,1,4,18295,73913,NGG1-NGJ1
1610924408426094414,1610924408425242103,0,1,111293,T,A,0,2654000000,1,4,17798,73915,NGG1
1610924408427111704,1610924408426036685,0,1,111293,T,A,0,2654000000,2,4,19118,73937,NGG1
1610924408427111704,1610924408426036685,0,1,215880,T,N,0,31000000,1,4,19118,73937,NGG1-NGH1
1610924408427111704,1610924408426036685,0,1,111294,T,N,0,2623000000,1,4,19118,73937,NGH1
1610924408427676747,1610924408426227733,0,1,215880,T,B,0,32000000,1,4,18221,73953,NGG1-NGH1
1610924408428099578,1610924408426296235,0,1,24512,T,B,0,-16000000,1,4,18113,73958,NGH1-NGJ1
1610924408429349624,1610924408428605177,0,1,111294,T,A,0,2622000000,1,4,18218,73999,NGH1
1610924408481650495,1610924408480309837,0,1,111294,T,B,0,2624000000,1,4,17923,74038,NGH1
1610924408761093327,1610924408760525949,0,1,111293,T,A,0,2652000000,2,4,18301,74069,NGG1
1610924408822049317,1610924408821586267,0,1,111293,T,A,0,2654000000,1,4,18092,74091,NGG1
1610924408822482852,1610924408821635575,0,1,111293,T,B,0,2655000000,1,4,17701,74099,NGG1
1610924408822731368,1610924408822060243,0,1,111293,T,A,0,2654000000,2,4,17570,74103,NGG1
1610924408823966902,1610924408823490433,0,1,111293,T,A,0,2654000000,1,4,17862,74112,NGG1
1610924409191043190,1610924409189556435,0,1,111293,T,A,0,2650000000,1,4,17839,74155,NGG1
1610924409998452661,1610924409997896321,0,1,111293,T,A,0,2653000000,1,4,17953,74295,NGG1
1610924411279490239,1610924411277762055,0,1,111293,T,A,0,2652000000,2,4,18937,74551,NGG1
1610924411860708122,1610924411860029907,0,1,111293,T,B,0,2653000000,1,4,18065,74601,NGG1
1610924412077790669,1610924412077036239,0,1,215880,T,B,0,33000000,5,4,18042,74636,NGG1-NGH1
1610924412332061381,1610924412331515297,0,1,111294,T,B,0,2622000000,1,4,17844,74769,NGH1
1610924412880835456,1610924412879088879,0,1,111294,T,B,0,2622000000,2,4,19322,74814,NGH1
1610924412880835456,1610924412879088879,0,1,215880,T,N,0,32000000,1,4,19322,74814,NGG1-NGH1
1610924412880835456,1610924412879088879,0,1,111293,T,N,0,2654000000,1,4,19322,74814,NGG1
1610924412881344623,1610924412880872465,0,1,111293,T,B,0,2655000000,2,4,17949,74821,NGG1
1610924413196643457,1610924413196143881,0,1,111293,T,B,0,2656000000,2,4,17841,74911,NGG1
1610924413197350512,1610924413196968399,0,1,111293,T,B,0,2656000000,3,4,18341,74919,NGG1
1610924413218229021,1610924413217817649,0,1,111293,T,A,0,2655000000,1,4,17434,74950,NGG1
1610924413226761685,1610924413225458593,0,1,111293,T,B,0,2655000000,1,4,27339,74969,NGG1
1610924413495486833,1610924413495048075,0,1,111293,T,B,0,2656000000,1,4,18308,74996,NGG1
1610924413730164712,1610924413728625051,0,1,111293,T,A,0,2654000000,2,4,18802,75010,NGG1
1610924413730164712,1610924413728625051,0,1,111293,T,A,0,2653000000,2,4,18802,75010,NGG1
1610924413731078531,1610924413730651021,0,1,111293,T,A,0,2653000000,1,4,18556,75029,NGG1
1610924413759392826,1610924413759000591,0,1,111293,T,B,0,2655000000,1,4,17329,75059,NGG1
1610924413920003647,1610924413919573457,0,1,111293,T,A,0,2652000000,1,4,18067,75082,NGG1
1610924413920629546,1610924413920146645,0,1,111293,T,B,0,2652000000,1,4,17822,75095,NGG1
1610924414910280343,1610924414909073301,0,1,111293,T,A,0,2653000000,2,4,20110,75236,NGG1
1610924414910280343,1610924414909073301,0,1,111293,T,A,0,2651000000,1,4,20110,75236,NGG1
1610924414910280343,1610924414909073301,0,1,111293,T,A,0,2650000000,1,4,20110,75236,NGG1
1610924414910280343,1610924414909073301,0,1,215880,T,N,0,33000000,2,4,20110,75236,NGG1-NGH1
1610924414910280343,1610924414909073301,0,1,111294,T,N,0,2620000000,2,4,20110,75236,NGH1
1610924414910296095,1610924414909073301,0,1,111293,T,A,0,2650000000,1,4,22681,75237,NGG1
1610924415292838963,1610924415292251871,0,1,111296,T,N,0,2637000000,1,4,18923,75294,NGJ1
1610924415292838963,1610924415292251871,0,1,111311,T,B,0,2845000000,1,132,18923,75294,NGV1
1610924415292838963,1610924415292251871,0,1,41645,T,N,0,-208000000,1,4,18923,75294,NGJ1-NGV1
1610924416085795491,1610924416085373885,0,1,111293,T,A,0,2652000000,1,4,18243,75446,NGG1
1610924416086332250,1610924416085395091,0,1,111293,T,A,0,2652000000,1,132,18519,75456,NGG1
1610924416086332250,1610924416085395091,0,1,111294,T,N,0,2619000000,1,4,18519,75456,NGH1
1610924416086332250,1610924416085395091,0,1,215880,T,N,0,33000000,1,4,18519,75456,NGG1-NGH1
1610924416087198300,1610924416086728259,0,1,111293,T,A,0,2652000000,1,4,18144,75480,NGG1
1610924416453743446,1610924416453379997,0,1,111293,T,B,0,2653000000,1,4,19310,75520,NGG1
1610924416454788640,1610924416453815765,0,1,111293,T,B,0,2653000000,1,4,19342,75523,NGG1
1610924416637141148,1610924416636782393,0,1,111293,T,B,0,2654000000,1,4,18378,75557,NGG1
1610924416997599410,1610924416996848137,0,1,62831,T,B,0,-71000000,6,4,20767,75573,NGM1-NGN1
1610924417409684809,1610924417409129613,0,1,111293,T,B,0,2654000000,1,4,19803,75704,NGG1
1610924417499295150,1610924417498652547,0,1,111293,T,B,0,2654000000,2,4,24194,75713,NGG1
1610924417613222122,1610924417610169501,0,1,111293,T,N,0,2654000000,3,4,18852,75739,NGG1
1610924417613222122,1610924417610169501,0,1,61251,T,N,0,8000000,3,4,18852,75739,NGG1-HHG1
1610924419041215337,1610924419040440895,0,1,111293,T,N,0,2654000000,1,4,19322,75862,NGG1
1610924419041215337,1610924419040440895,0,1,215880,T,N,0,32000000,1,4,19322,75862,NGG1-NGH1
1610924419041215337,1610924419040440895,0,1,111294,T,B,0,2622000000,1,132,19322,75862,NGH1
1610924420172965125,1610924420172370769,0,1,111294,T,B,0,2624000000,1,132,24270,75920,NGH1
1610924420172965125,1610924420172370769,0,1,215880,T,N,0,31000000,1,4,24270,75920,NGG1-NGH1
1610924420172965125,1610924420172370769,0,1,111293,T,N,0,2655000000,1,4,24270,75920,NGG1
1610924420174763706,1610924420174336403,0,1,111293,T,B,0,2655000000,1,4,18083,75935,NGG1
1610924421342503825,1610924421341942959,0,1,111293,T,A,0,2655000000,3,4,17697,76010,NGG1
1610924421342646829,1610924421341946103,0,1,111293,T,A,0,2655000000,1,4,18101,76013,NGG1
1610924421709595616,1610924421709039853,0,1,111293,T,B,0,2656000000,6,4,19797,76045,NGG1
1610924421710096975,1610924421709628649,0,1,111293,T,B,0,2656000000,5,4,18372,76050,NGG1
1610924421738919010,1610924421737394973,0,1,121372,T,B,0,-64000000,1,4,18814,76079,NGK1-NGM1
1610924422063793198,1610924422063135207,0,1,41645,T,B,0,-201000000,1,132,35768,76086,NGJ1-NGV1
1610924422063793198,1610924422063135207,0,1,111311,T,N,0,2840000000,1,4,35768,76086,NGV1
1610924422063793198,1610924422063135207,0,1,111296,T,N,0,2639000000,1,4,35768,76086,NGJ1
1610924422107376074,1610924422105871513,0,1,204979,T,B,0,-35000000,5,4,18590,76097,NGJ1-NGK1
1610924422145649184,1610924422145297929,0,1,111294,T,B,0,2625000000,1,4,18079,76202,NGH1
1610924422408196727,1610924422293018513,0,1,111293,T,B,0,2656000000,1,4,18043,76399,NGG1
1610924422698364659,1610924422697872423,0,1,111293,T,B,0,2657000000,3,4,19678,76665,NGG1
1610924423052987823,1610924423052492977,0,1,111294,T,A,0,2622000000,1,4,18388,76765,NGH1
1610924423065221057,1610924423064579227,0,1,41645,T,B,0,-197000000,1,4,17911,76769,NGJ1-NGV1
1610924423286133457,1610924423285435707,0,1,111294,T,B,0,2626000000,2,132,18826,76838,NGH1
1610924423286133457,1610924423285435707,0,1,111293,T,N,0,2657000000,2,4,18826,76838,NGG1
1610924423286133457,1610924423285435707,0,1,215880,T,N,0,31000000,2,4,18826,76838,NGG1-NGH1
1610924423392041002,1610924423391164341,0,1,111293,T,B,0,2656000000,1,4,17876,76856,NGG1
1610924423486187702,1610924423485655657,0,1,111293,T,B,0,2657000000,16,4,18107,76866,NGG1
1610924423486187702,1610924423485655657,0,1,111293,T,B,0,2658000000,2,4,18107,76866,NGG1
1610924423489222700,1610924423487550125,0,1,111293,T,A,0,2657000000,1,4,19644,76939,NGG1
1610924423489652503,1610924423487736783,0,1,111293,T,N,0,2657000000,1,4,19047,76950,NGG1
1610924423489652503,1610924423487736783,0,1,215880,T,N,0,31000000,1,4,19047,76950,NGG1-NGH1
1610924423489652503,1610924423487736783,0,1,111294,T,B,0,2626000000,1,132,19047,76950,NGH1
1610924423492276402,1610924423489186757,0,1,111293,T,B,0,2657000000,2,4,22923,77002,NGG1
1610924423499419513,1610924423497743427,0,1,111293,T,A,0,2656000000,3,4,18556,77096,NGG1
1610924423499419513,1610924423497743427,0,1,111294,T,N,0,2625000000,1,4,18556,77096,NGH1
1610924423499419513,1610924423497743427,0,1,215880,T,N,0,31000000,1,4,18556,77096,NGG1-NGH1
1610924423543407147,1610924423542570069,0,1,215880,T,N,0,31000000,1,4,18539,77267,NGG1-NGH1
1610924423543407147,1610924423542570069,0,1,111294,T,N,0,2624000000,1,4,18539,77267,NGH1
1610924423543407147,1610924423542570069,0,1,111293,T,A,0,2655000000,2,4,18539,77267,NGG1
1610924423545987670,1610924423544637873,0,1,111293,T,B,0,2655000000,1,4,17946,77284,NGG1
1610924423546238817,1610924423544702023,0,1,111293,T,B,0,2655000000,1,4,19622,77285,NGG1
1610924423561060313,1610924423560604527,0,1,111293,T,B,0,2655000000,1,4,18449,77291,NGG1
1610924424036190335,1610924424035628043,0,1,111293,T,B,0,2655000000,2,4,18132,77345,NGG1
1610924424231369760,1610924424229999617,0,1,111293,T,B,0,2658000000,3,4,18117,77402,NGG1
1610924424692010976,1610924424690935127,0,1,111294,T,A,0,2624000000,2,4,22626,77429,NGH1
1610924424692010976,1610924424690935127,0,1,111294,T,A,0,2622000000,1,4,22626,77429,NGH1
1610924424692010976,1610924424690935127,0,1,111296,T,N,0,2637000000,1,4,22626,77429,NGJ1
1610924424692010976,1610924424690935127,0,1,24512,T,N,0,-13000000,1,4,22626,77429,NGH1-NGJ1
1610924424695982576,1610924424695227385,0,1,62831,T,N,0,-71000000,1,4,18428,77523,NGM1-NGN1
1610924424695982576,1610924424695227385,0,1,111299,T,A,0,2736000000,1,132,18428,77523,NGM1
1610924424695982576,1610924424695227385,0,1,111301,T,N,0,2807000000,1,4,18428,77523,NGN1
1610924424775687078,1610924424775028951,0,1,111293,T,B,0,2657000000,2,4,17691,77879,NGG1
1610924425656023402,1610924425655219101,0,1,111293,T,B,0,2658000000,1,4,29948,77964,NGG1
1610924426250733279,1610924426250159345,0,1,111293,T,B,0,2656000000,1,4,17603,78050,NGG1
1610924426363317419,1610924426362601727,0,1,111293,T,N,0,2658000000,1,4,19743,78248,NGG1
1610924426363317419,1610924426362601727,0,1,111294,T,B,0,2626000000,1,132,19743,78248,NGH1
1610924426363317419,1610924426362601727,0,1,215880,T,N,0,32000000,1,4,19743,78248,NGG1-NGH1
1610924426429196386,1610924426428531237,0,1,215880,T,A,0,32000000,4,4,19201,78251,NGG1-NGH1
1610924426578160199,1610924426577643223,0,1,204979,T,B,0,-35000000,1,4,19133,78284,NGJ1-NGK1
1610924426634920802,1610924426634577989,0,1,111293,T,B,0,2658000000,4,4,18160,78354,NGG1
1610924427145005820,1610924427144524507,0,1,111293,T,A,0,2657000000,1,4,17898,78389,NGG1
1610924427145467659,1610924427145019367,0,1,111293,T,A,0,2657000000,1,4,17676,78403,NGG1
1610924427828391664,1610924427826809041,0,1,111293,T,A,0,2657000000,5,4,22488,78466,NGG1
1610924427828391664,1610924427826809041,0,1,111293,T,A,0,2656000000,3,4,22488,78466,NGG1
1610924427828391664,1610924427826809041,0,1,111293,T,A,0,2655000000,8,4,22488,78466,NGG1
1610924427828391664,1610924427826809041,0,1,111293,T,A,0,2654000000,4,4,22488,78466,NGG1
1610924427828391664,1610924427826809041,0,1,111293,T,A,0,2653000000,4,4,22488,78466,NGG1
1610924427828391664,1610924427826809041,0,1,111293,T,A,0,2652000000,1,4,22488,78466,NGG1
1610924427828391664,1610924427826809041,0,1,215880,T,N,0,31000000,1,4,22488,78466,NGG1-NGH1
1610924427828391664,1610924427826809041,0,1,111294,T,N,0,2624000000,1,4,22488,78466,NGH1
1610924427830011241,1610924427828634627,0,1,62635,T,A,0,-171000000,1,4,17486,78498,NGJ1-NGN1
1610924427830369729,1610924427828979977,0,1,111293,T,A,0,2655000000,1,4,22799,78510,NGG1
1610924428530027697,1610924428529620163,0,1,111293,T,B,0,2657000000,1,4,18484,78792,NGG1
1610924428532926856,1610924428530038931,0,1,111293,T,B,0,2657000000,1,4,17610,78795,NGG1
1610924429134099883,1610924429133577793,0,1,111294,T,B,0,2627000000,1,4,18027,79116,NGH1
1610924429596733680,1610924429596239089,0,1,111293,T,B,0,2657000000,1,4,18048,79159,NGG1
1610924429698624906,1610924429697240353,0,1,111293,T,A,0,2655000000,6,4,21325,79170,NGG1
1610924429698624906,1610924429697240353,0,1,111293,T,A,0,2654000000,9,4,21325,79170,NGG1
1610924429698624906,1610924429697240353,0,1,111293,T,A,0,2653000000,2,4,21325,79170,NGG1
1610924429698624906,1610924429697240353,0,1,111293,T,A,0,2652000000,10,4,21325,79170,NGG1
1610924429698624906,1610924429697240353,0,1,111294,T,N,0,2621000000,2,4,21325,79170,NGH1
1610924429698624906,1610924429697240353,0,1,215880,T,N,0,31000000,2,4,21325,79170,NGG1-NGH1
1610924429699678832,1610924429698663279,0,1,111293,T,B,0,2652000000,1,4,22503,79196,NGG1
1610924429699791500,1610924429698694543,0,1,111293,T,B,0,2652000000,1,4,18922,79198,NGG1
1610924429702614651,1610924429700038143,0,1,111293,T,B,0,2652000000,6,4,22739,79260,NGG1
1610924429904179526,1610924429903233797,0,1,215880,T,A,0,31000000,8,4,27907,79743,NGG1-NGH1
1610924431148535586,1610924431147903069,0,1,111296,T,A,0,2637000000,1,4,17423,79915,NGJ1
1610924431867349408,1610924431866843857,0,1,111293,T,A,0,2654000000,1,4,17353,80073,NGG1
1610924432118769652,1610924432118162789,0,1,121372,T,B,0,-64000000,1,4,18232,80107,NGK1-NGM1
1610924432545879402,1610924432545429065,0,1,111296,T,A,0,2637000000,1,4,22725,80135,NGJ1
1610924432640580652,1610924432640130297,0,1,215880,T,A,0,30000000,1,4,18202,80294,NGG1-NGH1
1610924433546269661,1610924433545430787,0,1,111296,T,A,0,2637000000,1,4,22901,80350,NGJ1
1610924433547737802,1610924433547299117,0,1,111296,T,A,0,2637000000,1,4,18302,80379,NGJ1
1610924434152555391,1610924434151510761,0,1,111296,T,N,0,2637000000,2,4,23362,80560,NGJ1
1610924434152555391,1610924434151510761,0,1,111293,T,A,0,2653000000,2,132,23362,80560,NGG1
1610924434152555391,1610924434151510761,0,1,24463,T,N,0,16000000,2,4,23362,80560,NGG1-NGJ1
1610924434154242712,1610924434152777285,0,1,215880,T,A,0,30000000,5,4,20437,80597,NGG1-NGH1
1610924434427810225,1610924434427209415,0,1,111293,T,A,0,2653000000,2,4,17589,81036,NGG1
1610924434684291190,1610924434683615357,0,1,215880,T,A,0,30000000,2,4,18082,81110,NGG1-NGH1
1610924435140143425,1610924435139650367,0,1,111294,T,B,0,2625000000,1,4,22854,81140,NGH1
1610924435285061603,1610924435284104057,0,1,111293,T,B,0,2654000000,1,4,22847,81166,NGG1
1610924435285643466,1610924435285128101,0,1,111293,T,B,0,2654000000,1,4,19828,81172,NGG1
1610924436156852498,1610924436155767329,0,1,111293,T,N,0,2655000000,2,4,21063,81318,NGG1
1610924436156852498,1610924436155767329,0,1,111294,T,B,0,2626000000,2,4,21063,81318,NGH1
1610924436156852498,1610924436155767329,0,1,215880,T,N,0,29000000,2,4,21063,81318,NGG1-NGH1
1610924436172886080,1610924436172495737,0,1,111293,T,B,0,2657000000,1,4,17445,81391,NGG1
1610924436177004373,1610924436176259711,0,1,111293,T,N,0,2656000000,1,4,18446,81448,NGG1
1610924436177004373,1610924436176259711,0,1,215880,T,N,0,29000000,1,4,18446,81448,NGG1-NGH1
1610924436177004373,1610924436176259711,0,1,111294,T,B,0,2627000000,1,4,18446,81448,NGH1
1610924437630140838,1610924437629105135,0,1,111294,T,N,0,2626000000,3,4,26852,81528,NGH1
1610924437630140838,1610924437629105135,0,1,215880,T,N,0,29000000,3,4,26852,81528,NGG1-NGH1
1610924437630140838,1610924437629105135,0,1,111293,T,A,0,2655000000,3,4,26852,81528,NGG1
1610924437630140838,1610924437629105135,0,1,111293,T,A,0,2653000000,4,4,26852,81528,NGG1
1610924437632681037,1610924437632295079,0,1,111293,T,A,0,2654000000,1,4,17805,81581,NGG1
1610924438108377953,1610924438107945285,0,1,111293,T,B,0,2655000000,3,4,19721,81620,NGG1
1610924438109047324,1610924438108637779,0,1,111293,T,A,0,2655000000,1,4,17279,81634,NGG1
1610924438204866193,1610924438204480051,0,1,111293,T,B,0,2654000000,1,4,17263,81681,NGG1
1610924439334248428,1610924439333797627,0,1,111293,T,B,0,2655000000,1,4,18049,81924,NGG1
1610924439334408703,1610924439333828807,0,1,111293,T,A,0,2654000000,2,4,17570,81929,NGG1
1610924439359403933,1610924439359026179,0,1,111293,T,B,0,2655000000,1,4,22866,81951,NGG1
1610924440443174678,1610924440442640669,0,1,111293,T,A,0,2654000000,1,4,18070,82342,NGG1
1610924440692253721,1610924440691115529,0,1,282784,T,A,0,13000000,33,4,21262,82360,NGQ1-NGU1
1610924441662683190,1610924441662044429,0,1,111293,T,A,0,2653000000,2,4,18198,82487,NGG1
1610924441685504028,1610924441685112931,0,1,111293,T,A,0,2654000000,4,4,17642,82546,NGG1
1610924441685882804,1610924441685149051,0,1,111293,T,A,0,2654000000,1,4,18523,82557,NGG1
1610924441867166545,1610924441866495975,0,1,111293,T,A,0,2653000000,2,4,24469,82614,NGG1
1610924441867166545,1610924441866495975,0,1,111293,T,A,0,2652000000,1,4,24469,82614,NGG1
1610924441867166545,1610924441866495975,0,1,111293,T,A,0,2651000000,4,4,24469,82614,NGG1
1610924441884340793,1610924441883224911,0,1,111294,T,A,0,2623000000,5,4,19099,82738,NGH1
1610924441884340793,1610924441883224911,0,1,111294,T,A,0,2622000000,2,132,19099,82738,NGH1
1610924441884340793,1610924441883224911,0,1,111296,T,N,0,2637000000,7,4,19099,82738,NGJ1
1610924441884340793,1610924441883224911,0,1,24512,T,N,0,-14000000,5,4,19099,82738,NGH1-NGJ1
1610924441884340793,1610924441883224911,0,1,24512,T,N,0,-15000000,2,4,19099,82738,NGH1-NGJ1
1610924442003894976,1610924442003177993,0,1,111294,T,B,0,2625000000,1,4,18541,82971,NGH1
1610924442004499291,1610924442003923527,0,1,111294,T,N,0,2625000000,1,4,19104,82979,NGH1
1610924442004499291,1610924442003923527,0,1,24512,T,A,0,-14000000,1,132,19104,82979,NGH1-NGJ1
1610924442004499291,1610924442003923527,0,1,111296,T,N,0,2639000000,1,4,19104,82979,NGJ1
1610924442004683454,1610924442003923691,0,1,111294,T,A,0,2625000000,1,4,18938,82984,NGH1
1610924442109184953,1610924442108505071,0,1,111294,T,B,0,2624000000,1,132,19607,83285,NGH1
1610924442109184953,1610924442108505071,0,1,111293,T,N,0,2653000000,1,4,19607,83285,NGG1
1610924442109184953,1610924442108505071,0,1,215880,T,N,0,29000000,1,4,19607,83285,NGG1-NGH1
1610924442110520551,1610924442109196373,0,1,111293,T,B,0,2653000000,1,4,18349,83288,NGG1
1610924442256219200,1610924442255305425,0,1,111293,T,B,0,2653000000,1,4,18495,83357,NGG1
1610924442268582561,1610924442268205889,0,1,111293,T,B,0,2654000000,1,4,18666,83368,NGG1
1610924442693988479,1610924442693476283,0,1,111293,T,A,0,2654000000,1,4,18106,83569,NGG1
1610924444126303390,1610924444125704855,0,1,111294,T,B,0,2626000000,1,4,20567,83892,NGH1
1610924444442725777,1610924444441112719,0,1,111294,T,N,0,2622000000,1,4,21519,84072,NGH1
1610924444442725777,1610924444441112719,0,1,111293,T,A,0,2651000000,6,4,21519,84072,NGG1
1610924444442725777,1610924444441112719,0,1,111293,T,A,0,2650000000,1,4,21519,84072,NGG1
1610924444442725777,1610924444441112719,0,1,215880,T,N,0,29000000,1,4,21519,84072,NGG1-NGH1
1610924444442725777,1610924444441112719,0,1,111296,T,N,0,2637000000,3,4,21519,84072,NGJ1
1610924444442725777,1610924444441112719,0,1,24463,T,N,0,14000000,3,4,21519,84072,NGG1-NGJ1
1610924445081608962,1610924445081179767,0,1,111296,T,A,0,2637000000,1,4,18009,84280,NGJ1
1610924445798651291,1610924445798099131,0,1,41645,T,B,0,-203000000,1,4,18124,84349,NGJ1-NGV1
1610924445799795561,1610924445799365327,0,1,204979,T,A,0,-36000000,1,4,17787,84380,NGJ1-NGK1
1610924445800014400,1610924445799369991,0,1,41645,T,B,0,-203000000,1,4,18047,84382,NGJ1-NGV1
1610924445800241908,1610924445799384833,0,1,41958,T,A,0,-22000000,1,4,17799,84384,NGU1-NGV1
1610924445800595131,1610924445799843967,0,1,204979,T,A,0,-36000000,1,4,17311,84395,NGJ1-NGK1
1610924445800784491,1610924445799849421,0,1,41645,T,B,0,-203000000,1,4,19229,84397,NGJ1-NGV1
1610924445800976743,1610924445799863211,0,1,41958,T,A,0,-22000000,1,4,18032,84399,NGU1-NGV1
1610924445801265698,1610924445800268113,0,1,204979,T,A,0,-36000000,1,4,18428,84406,NGJ1-NGK1
1610924445801493462,1610924445800274939,0,1,41645,T,B,0,-203000000,1,4,18311,84408,NGJ1-NGV1
1610924445801681297,1610924445800296277,0,1,41958,T,A,0,-22000000,1,4,17921,84410,NGU1-NGV1
1610924445802241492,1610924445800734013,0,1,204979,T,A,0,-36000000,1,4,17832,84428,NGJ1-NGK1
1610924445802275640,1610924445800739593,0,1,41645,T,B,0,-203000000,1,4,17456,84430,NGJ1-NGV1
1610924445802530124,1610924445800748527,0,1,282784,T,A,0,12000000,1,4,17680,84432,NGQ1-NGU1
1610924445802744239,1610924445800754697,0,1,41958,T,A,0,-22000000,1,4,18677,84434,NGU1-NGV1
1610924445803120706,1610924445801509813,0,1,41645,T,B,0,-203000000,4,4,18381,84443,NGJ1-NGV1
1610924445804153697,1610924445803746231,0,1,204979,T,A,0,-36000000,1,4,18067,84462,NGJ1-NGK1
1610924445804387240,1610924445803751603,0,1,41645,T,B,0,-203000000,1,4,18237,84464,NGJ1-NGV1
1610924445804626416,1610924445803760537,0,1,282784,T,A,0,12000000,1,4,18036,84466,NGQ1-NGU1
1610924445804854967,1610924445803764947,0,1,41958,T,A,0,-22000000,1,4,21577,84468,NGU1-NGV1
1610924446165367058,1610924446164857165,0,1,111293,T,A,0,2650000000,3,4,19051,84698,NGG1
1610924446165742753,1610924446165398777,0,1,111293,T,A,0,2650000000,1,4,17804,84704,NGG1
1610924446498729209,1610924446498012959,0,1,111296,T,N,0,2637000000,1,4,18860,84782,NGJ1
1610924446498729209,1610924446498012959,0,1,111294,T,A,0,2622000000,1,132,18860,84782,NGH1
1610924446498729209,1610924446498012959,0,1,24512,T,N,0,-15000000,1,4,18860,84782,NGH1-NGJ1
1610924446499193669,1610924446498765521,0,1,111296,T,A,0,2637000000,1,4,17600,84787,NGJ1
1610924446516209957,1610924446514818713,0,1,24512,T,A,0,-15000000,1,4,18445,84827,NGH1-NGJ1
1610924447018139112,1610924447017752081,0,1,111294,T,B,0,2623000000,1,4,18183,85113,NGH1
1610924447203513887,1610924447202856615,0,1,111294,T,A,0,2621000000,1,132,19336,85129,NGH1
1610924447203513887,1610924447202856615,0,1,24512,T,N,0,-16000000,1,4,19336,85129,NGH1-NGJ1
1610924447203513887,1610924447202856615,0,1,111296,T,N,0,2637000000,1,4,19336,85129,NGJ1
1610924447203905075,1610924447203527241,0,1,111296,T,A,0,2637000000,1,4,18823,85135,NGJ1
1610924447205672635,1610924447204120443,0,1,111296,T,N,0,2637000000,1,4,19467,85175,NGJ1
1610924447205672635,1610924447204120443,0,1,24512,T,N,0,-16000000,1,4,19467,85175,NGH1-NGJ1
1610924447205672635,1610924447204120443,0,1,111294,T,A,0,2621000000,1,132,19467,85175,NGH1
1610924447205848319,1610924447204265035,0,1,111294,T,A,0,2621000000,1,132,19748,85180,NGH1
1610924447205848319,1610924447204265035,0,1,24512,T,N,0,-16000000,1,4,19748,85180,NGH1-NGJ1
1610924447205848319,1610924447204265035,0,1,111296,T,N,0,2637000000,1,4,19748,85180,NGJ1
1610924447207600708,1610924447205869891,0,1,111296,T,A,0,2637000000,1,4,18730,85224,NGJ1
1610924447213608725,1610924447213039301,0,1,111296,T,N,0,2637000000,1,4,18716,85283,NGJ1
1610924447213608725,1610924447213039301,0,1,24512,T,N,0,-16000000,1,4,18716,85283,NGH1-NGJ1
1610924447213608725,1610924447213039301,0,1,111294,T,A,0,2621000000,1,132,18716,85283,NGH1
1610924447519687142,1610924447519157731,0,1,111294,T,N,0,2621000000,1,4,18678,85329,NGH1
1610924447519687142,1610924447519157731,0,1,111293,T,A,0,2650000000,1,132,18678,85329,NGG1
1610924447519687142,1610924447519157731,0,1,215880,T,N,0,29000000,1,4,18678,85329,NGG1-NGH1
1610924447520055217,1610924447519162595,0,1,111294,T,A,0,2621000000,1,132,17935,85336,NGH1
1610924447520055217,1610924447519162595,0,1,24512,T,N,0,-16000000,1,4,17935,85336,NGH1-NGJ1
1610924447520055217,1610924447519162595,0,1,111296,T,N,0,2637000000,1,4,17935,85336,NGJ1
1610924447520697544,1610924447519697965,0,1,111293,T,A,0,2649000000,2,4,18706,85347,NGG1
1610924447520697544,1610924447519697965,0,1,111293,T,A,0,2648000000,1,4,18706,85347,NGG1
1610924447522157545,1610924447520707235,0,1,215880,T,A,0,29000000,26,4,23718,85381,NGG1-NGH1
