ts_recv,ts_event,rtype,publisher_id,instrument_id,action,side,depth,price,size,flags,ts_in_delta,sequence,symbol
1604876400269845166,1604876400000000000,0,1,111291,T,N,0,3022000000,2,4,18236,58063,NGF1
1604876400286140142,1604876400000000000,0,1,15228,T,N,0,26000000,3,4,20898,58064,NGF1-NGG1
1604876400286229574,1604876400000000000,0,1,24512,T,N,0,133000000,1,4,18088,58065,NGH1-NGJ1
1604876400286419186,1604876400000000000,0,1,111284,T,N,0,2872000000,25,4,20950,58066,NGZ0
1604876400286683653,1604876400000000000,0,1,51363,T,N,0,-144000000,1,4,18761,58067,NGZ0-NGF1
1604876400428901198,1604876400291364781,0,1,111284,T,A,0,2871000000,2,4,18449,58444,NGZ0
1604876400543573969,1604876400366288275,0,1,282784,T,A,0,11000000,2,4,17968,59444,NGQ1-NGU1
1604876400549965164,1604876400393307819,0,1,111284,T,N,0,2871000000,1,4,18312,59569,NGZ0
1604876400549965164,1604876400393307819,0,1,51363,T,N,0,-143000000,1,4,18312,59569,NGZ0-NGF1
1604876400549965164,1604876400393307819,0,1,111291,T,A,0,3014000000,1,132,18312,59569,NGF1
1604876400551507905,1604876400394806765,0,1,111284,T,A,0,2871000000,1,4,18026,59583,NGZ0
1604876400580757492,1604876400551526851,0,1,24512,T,A,0,132000000,1,4,18036,59975,NGH1-NGJ1
1604876400619265376,1604876400570631981,0,1,111284,T,A,0,2866000000,1,4,23821,60111,NGZ0
1604876400619312324,1604876400570631981,0,1,111284,T,A,0,2863000000,1,4,18076,60112,NGZ0
1604876400619346928,1604876400570631981,0,1,111284,T,A,0,2863000000,1,4,17771,60113,NGZ0
1604876400619780727,1604876400570631981,0,1,111284,T,A,0,2863000000,4,4,22884,60114,NGZ0
1604876400619780727,1604876400570631981,0,1,111284,T,A,0,2862000000,2,4,22884,60114,NGZ0
1604876400619780727,1604876400570631981,0,1,111284,T,A,0,2861000000,2,4,22884,60114,NGZ0
1604876400619780727,1604876400570631981,0,1,111291,T,N,0,3007000000,1,4,22884,60114,NGF1
1604876400619780727,1604876400570631981,0,1,111291,T,N,0,3006000000,1,4,22884,60114,NGF1
1604876400619780727,1604876400570631981,0,1,111291,T,N,0,3005000000,1,4,22884,60114,NGF1
1604876400619780727,1604876400570631981,0,1,51363,T,N,0,-144000000,3,4,22884,60114,NGZ0-NGF1
1604876400619780727,1604876400570631981,0,1,215785,T,N,0,-44000000,1,4,22884,60114,NGZ0-NGH1
1604876400619780727,1604876400570631981,0,1,111294,T,N,0,2905000000,1,4,22884,60114,NGH1
1604876400619808483,1604876400570631981,0,1,111284,T,A,0,2860000000,1,4,18027,60115,NGZ0
1604876400619845131,1604876400570631981,0,1,111284,T,A,0,2860000000,2,4,17480,60116,NGZ0
1604876400619887347,1604876400570631981,0,1,111284,T,A,0,2860000000,1,4,17865,60117,NGZ0
1604876400619921491,1604876400570631981,0,1,111284,T,A,0,2860000000,1,4,17660,60118,NGZ0
1604876400619955103,1604876400570631981,0,1,111284,T,A,0,2860000000,1,4,17561,60119,NGZ0
1604876400619988619,1604876400570631981,0,1,111284,T,A,0,2860000000,1,4,17953,60120,NGZ0
1604876400620023251,1604876400570631981,0,1,111284,T,A,0,2860000000,1,4,19290,60121,NGZ0
1604876400620059679,1604876400570631981,0,1,111284,T,A,0,2860000000,1,4,22641,60122,NGZ0
1604876400620100011,1604876400570631981,0,1,111284,T,A,0,2860000000,1,4,17548,60123,NGZ0
1604876400620155503,1604876400570631981,0,1,111284,T,A,0,2860000000,1,4,19833,60124,NGZ0
1604876400620155503,1604876400570631981,0,1,51363,T,N,0,-144000000,1,4,19833,60124,NGZ0-NGF1
1604876400620155503,1604876400570631981,0,1,111291,T,N,0,3004000000,1,4,19833,60124,NGF1
1604876400620225483,1604876400570631981,0,1,111284,T,A,0,2859000000,1,4,19645,60125,NGZ0
1604876400620225483,1604876400570631981,0,1,15142,T,N,0,-121000000,1,4,19645,60125,NGZ0-NGG1
1604876400620225483,1604876400570631981,0,1,111293,T,N,0,2980000000,1,4,19645,60125,NGG1
1604876400623342492,1604876400570631981,0,1,111284,T,A,0,2857000000,2,4,20097,60126,NGZ0
1604876400623374388,1604876400570631981,0,1,111293,T,A,0,2980000000,1,4,17477,60127,NGG1
1604876400623414980,1604876400570631981,0,1,111284,T,A,0,2857000000,2,4,17802,60128,NGZ0
1604876400623471828,1604876400570631981,0,1,111284,T,A,0,2856000000,1,4,18295,60129,NGZ0
1604876400623471828,1604876400570631981,0,1,111291,T,N,0,3000000000,1,4,18295,60129,NGF1
1604876400623471828,1604876400570631981,0,1,51363,T,N,0,-144000000,1,4,18295,60129,NGZ0-NGF1
1604876400624062935,1604876400570631981,0,1,51363,T,N,0,-144000000,1,4,19157,60130,NGZ0-NGF1
1604876400624062935,1604876400570631981,0,1,111291,T,N,0,3000000000,1,4,19157,60130,NGF1
1604876400624062935,1604876400570631981,0,1,111284,T,A,0,2856000000,1,4,19157,60130,NGZ0
1604876400624505010,1604876400570631981,0,1,111284,T,A,0,2856000000,1,4,28192,60131,NGZ0
1604876400624505010,1604876400570631981,0,1,111284,T,A,0,2855000000,1,4,28192,60131,NGZ0
1604876400624505010,1604876400570631981,0,1,111284,T,A,0,2854000000,3,4,28192,60131,NGZ0
1604876400624505010,1604876400570631981,0,1,111284,T,A,0,2853000000,1,4,28192,60131,NGZ0
1604876400624505010,1604876400570631981,0,1,111284,T,A,0,2852000000,1,4,28192,60131,NGZ0
1604876400624505010,1604876400570631981,0,1,111291,T,N,0,3000000000,1,4,28192,60131,NGF1
1604876400624505010,1604876400570631981,0,1,51363,T,N,0,-144000000,2,4,28192,60131,NGZ0-NGF1
1604876400624505010,1604876400570631981,0,1,111294,T,N,0,2901000000,6,4,28192,60131,NGH1
1604876400624505010,1604876400570631981,0,1,215785,T,N,0,-47000000,1,4,28192,60131,NGZ0-NGH1
1604876400624505010,1604876400570631981,0,1,215785,T,N,0,-48000000,1,4,28192,60131,NGZ0-NGH1
1604876400624505010,1604876400570631981,0,1,215785,T,N,0,-49000000,1,4,28192,60131,NGZ0-NGH1
1604876400624518834,1604876400570631981,0,1,215785,T,N,0,-50000000,1,4,25259,60132,NGZ0-NGH1
1604876400624518834,1604876400570631981,0,1,215785,T,N,0,-52000000,1,4,25259,60132,NGZ0-NGH1
1604876400624518834,1604876400570631981,0,1,111284,T,A,0,2851000000,2,4,25259,60132,NGZ0
1604876400624518834,1604876400570631981,0,1,111284,T,A,0,2850000000,3,4,25259,60132,NGZ0
1604876400624518834,1604876400570631981,0,1,111284,T,A,0,2849000000,1,4,25259,60132,NGZ0
1604876400624584514,1604876400570631981,0,1,111284,T,A,0,2847000000,1,4,20344,60133,NGZ0
1604876400624584514,1604876400570631981,0,1,111284,T,A,0,2846000000,1,4,20344,60133,NGZ0
1604876400624584514,1604876400570631981,0,1,111284,T,A,0,2845000000,1,4,20344,60133,NGZ0
1604876400624584514,1604876400570631981,0,1,111284,T,A,0,2843000000,2,4,20344,60133,NGZ0
1604876400624584514,1604876400570631981,0,1,111284,T,A,0,2841000000,1,4,20344,60133,NGZ0
1604876400624584514,1604876400570631981,0,1,111284,T,A,0,2840000000,2,4,20344,60133,NGZ0
1604876400624584514,1604876400570631981,0,1,111284,T,A,0,2839000000,1,4,20344,60133,NGZ0
1604876400624584514,1604876400570631981,0,1,111284,T,A,0,2838000000,1,4,20344,60133,NGZ0
1604876400624584514,1604876400570631981,0,1,111284,T,A,0,2835000000,4,4,20344,60133,NGZ0
1604876400624584514,1604876400570631981,0,1,111284,T,A,0,2833000000,1,4,20344,60133,NGZ0
1604876400624584514,1604876400570631981,0,1,111284,T,A,0,2832000000,18,4,20344,60133,NGZ0
1604876400624584514,1604876400570631981,0,1,215785,T,N,0,-54000000,2,4,20344,60133,NGZ0-NGH1
1604876400624584514,1604876400570631981,0,1,215785,T,N,0,-56000000,1,4,20344,60133,NGZ0-NGH1
1604876400624584514,1604876400570631981,0,1,215785,T,N,0,-58000000,1,4,20344,60133,NGZ0-NGH1
1604876400624584514,1604876400570631981,0,1,215785,T,N,0,-60000000,1,4,20344,60133,NGZ0-NGH1
1604876400624584514,1604876400570631981,0,1,111294,T,N,0,2897000000,1,4,20344,60133,NGH1
1604876400624584514,1604876400570631981,0,1,111294,T,N,0,2895000000,1,4,20344,60133,NGH1
1604876400624584514,1604876400570631981,0,1,111294,T,N,0,2893000000,2,4,20344,60133,NGH1
1604876400624584514,1604876400570631981,0,1,111291,T,N,0,2984000000,1,4,20344,60133,NGF1
1604876400635735536,1604876400570631981,0,1,111291,T,A,0,3001000000,1,4,26275,60134,NGF1
1604876400635735536,1604876400570631981,0,1,111291,T,A,0,2997000000,2,4,26275,60134,NGF1
1604876400635735536,1604876400570631981,0,1,111291,T,A,0,2989000000,1,4,26275,60134,NGF1
1604876400635735536,1604876400570631981,0,1,111291,T,A,0,2988000000,1,4,26275,60134,NGF1
1604876400635735536,1604876400570631981,0,1,111291,T,A,0,2985000000,3,4,26275,60134,NGF1
1604876400635735536,1604876400570631981,0,1,111291,T,A,0,2983000000,3,4,26275,60134,NGF1
1604876400635735536,1604876400570631981,0,1,111291,T,A,0,2979000000,1,4,26275,60134,NGF1
1604876400635735536,1604876400570631981,0,1,111291,T,A,0,2975000000,2,4,26275,60134,NGF1
1604876400635735536,1604876400570631981,0,1,111294,T,N,0,2890000000,1,4,26275,60134,NGH1
1604876400635735536,1604876400570631981,0,1,111294,T,N,0,2889000000,1,4,26275,60134,NGH1
1604876400635735536,1604876400570631981,0,1,111294,T,N,0,2885000000,1,4,26275,60134,NGH1
1604876400635735536,1604876400570631981,0,1,111294,T,N,0,2881000000,1,4,26275,60134,NGH1
1604876400635735536,1604876400570631981,0,1,111293,T,N,0,2976000000,1,4,26275,60134,NGG1
1604876400635735536,1604876400570631981,0,1,111293,T,N,0,2972000000,2,4,26275,60134,NGG1
1604876400635735536,1604876400570631981,0,1,111293,T,N,0,2960000000,3,4,26275,60134,NGG1
1604876400635735536,1604876400570631981,0,1,15228,T,N,0,25000000,6,4,26275,60134,NGF1-NGG1
1604876400635735536,1604876400570631981,0,1,24441,T,N,0,206000000,2,4,26275,60134,NGF1-NGJ1
1604876400635735536,1604876400570631981,0,1,215879,T,N,0,99000000,2,4,26275,60134,NGF1-NGH1
1604876400635735536,1604876400570631981,0,1,215879,T,N,0,98000000,2,4,26275,60134,NGF1-NGH1
1604876400635735536,1604876400570631981,0,1,111296,T,N,0,2777000000,2,4,26275,60134,NGJ1
1604876400635800192,1604876400570631981,0,1,111291,T,N,0,2975000000,2,4,19483,60135,NGF1
1604876400635800192,1604876400570631981,0,1,111291,T,N,0,2974000000,1,4,19483,60135,NGF1
1604876400635800192,1604876400570631981,0,1,111291,T,N,0,2973000000,2,4,19483,60135,NGF1
1604876400635800192,1604876400570631981,0,1,111284,T,A,0,2831000000,2,4,19483,60135,NGZ0
1604876400635800192,1604876400570631981,0,1,111284,T,A,0,2830000000,1,4,19483,60135,NGZ0
1604876400635800192,1604876400570631981,0,1,111284,T,A,0,2829000000,4,4,19483,60135,NGZ0
1604876400635800192,1604876400570631981,0,1,51363,T,N,0,-144000000,5,4,19483,60135,NGZ0-NGF1
1604876400636089223,1604876400570631981,0,1,111284,T,A,0,2827000000,6,4,20075,60136,NGZ0
1604876400636089223,1604876400570631981,0,1,111284,T,A,0,2826000000,3,4,20075,60136,NGZ0
1604876400636089223,1604876400570631981,0,1,111284,T,A,0,2823000000,5,4,20075,60136,NGZ0
1604876400636089223,1604876400570631981,0,1,111284,T,A,0,2822000000,4,4,20075,60136,NGZ0
1604876400636117399,1604876400570631981,0,1,111284,T,A,0,2822000000,2,4,17595,60137,NGZ0
1604876400644969858,1604876400583654575,0,1,111284,T,B,0,2824000000,1,4,17632,60274,NGZ0
1604876400645230205,1604876400583827503,0,1,111284,T,N,0,2832000000,1,4,27489,60278,NGZ0
1604876400645230205,1604876400583827503,0,1,111294,T,B,0,2894000000,1,132,27489,60278,NGH1
1604876400645230205,1604876400583827503,0,1,215785,T,N,0,-62000000,1,4,27489,60278,NGZ0-NGH1
1604876400645392973,1604876400583853505,0,1,215785,T,B,0,-45000000,1,132,18147,60280,NGZ0-NGH1
1604876400645392973,1604876400583853505,0,1,111294,T,N,0,2877000000,1,4,18147,60280,NGH1
1604876400645392973,1604876400583853505,0,1,111284,T,N,0,2832000000,1,4,18147,60280,NGZ0
1604876400646242300,1604876400585489683,0,1,111284,T,B,0,2832000000,11,4,18604,60291,NGZ0
1604876400646242300,1604876400585489683,0,1,111284,T,B,0,2834000000,1,4,18604,60291,NGZ0
1604876400646242300,1604876400585489683,0,1,111284,T,B,0,2844000000,1,4,18604,60291,NGZ0
1604876400649153142,1604876400620271041,0,1,15228,T,A,0,25000000,1,4,17672,60354,NGF1-NGG1
1604876400649214610,1604876400620277211,0,1,51363,T,A,0,-144000000,1,4,18234,60356,NGZ0-NGF1
1604876400651098402,1604876400628059611,0,1,51363,T,N,0,-143000000,1,4,20966,60398,NGZ0-NGF1
1604876400651098402,1604876400628059611,0,1,111284,T,B,0,2854000000,1,4,20966,60398,NGZ0
1604876400651098402,1604876400628059611,0,1,111284,T,B,0,2864000000,1,4,20966,60398,NGZ0
1604876400651098402,1604876400628059611,0,1,111284,T,B,0,2865000000,1,4,20966,60398,NGZ0
1604876400651098402,1604876400628059611,0,1,111291,T,N,0,3008000000,1,4,20966,60398,NGF1
1604876400654996422,1604876400636840821,0,1,111284,T,B,0,2861000000,1,4,17919,60456,NGZ0
1604876400660978327,1604876400638548829,0,1,111293,T,A,0,2973000000,2,4,18857,60512,NGG1
1604876400660978327,1604876400638548829,0,1,111298,T,N,0,2763000000,1,4,18857,60512,NGK1
1604876400660978327,1604876400638548829,0,1,204962,T,N,0,210000000,1,4,18857,60512,NGG1-NGK1
1604876400662156724,1604876400640333765,0,1,111284,T,B,0,2860000000,1,4,18071,60529,NGZ0
1604876400662925843,1604876400644501731,0,1,62831,T,A,0,-50000000,2,4,17203,60551,NGM1-NGN1
1604876400664906655,1604876400645203821,0,1,111294,T,A,0,2898000000,1,132,18032,60571,NGH1
1604876400664906655,1604876400645203821,0,1,121353,T,N,0,96000000,1,4,18032,60571,NGH1-NGM1
1604876400664906655,1604876400645203821,0,1,111299,T,N,0,2802000000,1,4,18032,60571,NGM1
1604876400665841077,1604876400645267241,0,1,111299,T,N,0,2800000000,1,4,17667,60583,NGM1
1604876400665841077,1604876400645267241,0,1,121353,T,N,0,96000000,1,4,17667,60583,NGH1-NGM1
1604876400665841077,1604876400645267241,0,1,111294,T,A,0,2896000000,1,132,17667,60583,NGH1
1604876400688930188,1604876400666471139,0,1,111284,T,A,0,2848000000,1,4,17836,60776,NGZ0
1604876400689412895,1604876400667717957,0,1,111284,T,B,0,2853000000,1,4,17279,60785,NGZ0
1604876400693289815,1604876400670316205,0,1,111284,T,B,0,2853000000,1,4,18908,60829,NGZ0
1604876400693704966,1604876400671214715,0,1,111284,T,A,0,2828000000,1,4,18858,60837,NGZ0
1604876400693704966,1604876400671214715,0,1,111284,T,A,0,2824000000,1,4,18858,60837,NGZ0
1604876400693704966,1604876400671214715,0,1,111284,T,A,0,2822000000,1,4,18858,60837,NGZ0
1604876400693704966,1604876400671214715,0,1,111293,T,N,0,2950000000,1,4,18858,60837,NGG1
1604876400693704966,1604876400671214715,0,1,15142,T,N,0,-122000000,1,4,18858,60837,NGZ0-NGG1
1604876400694543009,1604876400671327927,0,1,111284,T,A,0,2822000000,3,4,18917,60844,NGZ0
1604876400694938936,1604876400671442613,0,1,111284,T,A,0,2822000000,1,4,18274,60846,NGZ0
1604876400695306935,1604876400671774573,0,1,111284,T,A,0,2822000000,3,4,17887,60849,NGZ0
1604876400695676910,1604876400671901039,0,1,111284,T,A,0,2822000000,3,4,17772,60851,NGZ0
1604876400696094834,1604876400672001169,0,1,111284,T,A,0,2822000000,9,4,18326,60853,NGZ0
1604876400696094834,1604876400672001169,0,1,111291,T,N,0,2966000000,1,4,18326,60853,NGF1
1604876400696094834,1604876400672001169,0,1,51363,T,N,0,-144000000,1,4,18326,60853,NGZ0-NGF1
1604876400697526811,1604876400673434257,0,1,111284,T,B,0,2822000000,7,4,17795,60867,NGZ0
1604876400698920444,1604876400673657029,0,1,111284,T,N,0,2822000000,1,4,19179,60879,NGZ0
1604876400698920444,1604876400673657029,0,1,51363,T,N,0,-144000000,1,4,19179,60879,NGZ0-NGF1
1604876400698920444,1604876400673657029,0,1,111291,T,B,0,2966000000,1,132,19179,60879,NGF1
1604876400699179200,1604876400673777833,0,1,111284,T,B,0,2822000000,1,4,19359,60881,NGZ0
1604876400702309869,1604876400684226751,0,1,111284,T,B,0,2822000000,1,4,17867,60918,NGZ0
1604876400706262822,1604876400688678213,0,1,15228,T,A,0,24000000,1,4,18142,60965,NGF1-NGG1
1604876400706313362,1604876400688689709,0,1,51363,T,A,0,-144000000,1,4,17048,60967,NGZ0-NGF1
1604876400711973070,1604876400696528823,0,1,111284,T,B,0,2822000000,1,4,19500,61038,NGZ0
1604876400712684149,1604876400697195433,0,1,215880,T,A,0,73000000,6,4,17826,61049,NGG1-NGH1
1604876400712784593,1604876400697335147,0,1,111284,T,B,0,2822000000,31,4,19618,61051,NGZ0
1604876400713063832,1604876400698385597,0,1,111284,T,B,0,2822000000,8,4,22435,61055,NGZ0
1604876400713641687,1604876400700564607,0,1,111284,T,B,0,2822000000,16,4,18252,61063,NGZ0
1604876400714128202,1604876400701938615,0,1,111284,T,A,0,2821000000,1,132,18238,61067,NGZ0
1604876400714128202,1604876400701938615,0,1,51363,T,N,0,-144000000,1,4,18238,61067,NGZ0-NGF1
1604876400714128202,1604876400701938615,0,1,111291,T,N,0,2965000000,1,4,18238,61067,NGF1
1604876400715667079,1604876400702318319,0,1,111284,T,B,0,2822000000,6,4,18629,61071,NGZ0
1604876400716546946,1604876400705771677,0,1,111284,T,A,0,2821000000,2,4,17773,61085,NGZ0
1604876400717394576,1604876400706286683,0,1,111284,T,B,0,2821000000,1,4,17752,61093,NGZ0
1604876400717394576,1604876400706286683,0,1,111284,T,B,0,2822000000,1,4,17752,61093,NGZ0
1604876400729691492,1604876400712517337,0,1,111284,T,B,0,2821000000,4,4,18395,61135,NGZ0
1604876400729691492,1604876400712517337,0,1,111284,T,B,0,2822000000,13,4,18395,61135,NGZ0
1604876400730149591,1604876400712694801,0,1,215880,T,B,0,73000000,4,4,18111,61144,NGG1-NGH1
1604876400733391081,1604876400714401617,0,1,111284,T,N,0,2830000000,1,4,20624,61160,NGZ0
1604876400733391081,1604876400714401617,0,1,111284,T,N,0,2835000000,1,4,20624,61160,NGZ0
1604876400733391081,1604876400714401617,0,1,111305,T,N,0,2861000000,1,4,20624,61160,NGU1
1604876400733391081,1604876400714401617,0,1,111305,T,N,0,2858000000,1,4,20624,61160,NGU1
1604876400733391081,1604876400714401617,0,1,282823,T,B,0,-31000000,1,4,20624,61160,NGZ0-NGU1
1604876400733391081,1604876400714401617,0,1,282823,T,B,0,-23000000,1,132,20624,61160,NGZ0-NGU1
1604876400737542388,1604876400719291105,0,1,111284,T,B,0,2827000000,1,4,18110,61198,NGZ0
1604876400738592174,1604876400719811551,0,1,111293,T,A,0,2950000000,1,4,18564,61202,NGG1
1604876400739185581,1604876400719947331,0,1,111293,T,N,0,2950000000,1,4,24209,61203,NGG1
1604876400739185581,1604876400719947331,0,1,215880,T,N,0,73000000,1,4,24209,61203,NGG1-NGH1
1604876400739185581,1604876400719947331,0,1,111294,T,A,0,2877000000,1,132,24209,61203,NGH1
1604876400740301819,1604876400720816821,0,1,51363,T,A,0,-144000000,1,4,19482,61205,NGZ0-NGF1
1604876400750070532,1604876400727567411,0,1,111293,T,A,0,2950000000,1,4,19427,61213,NGG1
1604876400750904522,1604876400729702383,0,1,111294,T,N,0,2900000000,1,4,19121,61219,NGH1
1604876400750904522,1604876400729702383,0,1,111296,T,B,0,2773000000,1,132,19121,61219,NGJ1
1604876400750904522,1604876400729702383,0,1,24512,T,N,0,127000000,1,4,19121,61219,NGH1-NGJ1
1604876400753554177,1604876400733445025,0,1,51363,T,B,0,-143000000,1,4,17753,61269,NGZ0-NGF1
1604876400753808044,1604876400733445025,0,1,51363,T,B,0,-143000000,1,4,20552,61272,NGZ0-NGF1
1604876400755880408,1604876400738081977,0,1,111284,T,A,0,2824000000,1,4,18245,61305,NGZ0
1604876400757355201,1604876400742732719,0,1,111284,T,B,0,2827000000,1,4,19886,61327,NGZ0
1604876400758100076,1604876400743938581,0,1,15228,T,A,0,24000000,1,4,19008,61336,NGF1-NGG1
1604876400758141516,1604876400743984141,0,1,51363,T,A,0,-144000000,1,4,22807,61339,NGZ0-NGF1
1604876400758224508,1604876400744119399,0,1,215880,T,A,0,72000000,1,4,18882,61342,NGG1-NGH1
1604876400758480887,1604876400744179859,0,1,15228,T,A,0,24000000,1,4,17882,61345,NGF1-NGG1
1604876400758585287,1604876400744236529,0,1,51363,T,A,0,-144000000,1,4,18644,61347,NGZ0-NGF1
1604876400760908034,1604876400750928879,0,1,24512,T,N,0,126000000,1,4,19068,61371,NGH1-NGJ1
1604876400760908034,1604876400750928879,0,1,111296,T,N,0,2776000000,1,4,19068,61371,NGJ1
1604876400760908034,1604876400750928879,0,1,111294,T,A,0,2902000000,1,132,19068,61371,NGH1
1604876400763056214,1604876400751428463,0,1,62831,T,A,0,-50000000,2,4,19235,61384,NGM1-NGN1
1604876400773108506,1604876400755362303,0,1,51363,T,N,0,-144000000,1,4,19640,61408,NGZ0-NGF1
1604876400773108506,1604876400755362303,0,1,111284,T,N,0,2843000000,1,4,19640,61408,NGZ0
1604876400773108506,1604876400755362303,0,1,111291,T,B,0,2987000000,1,132,19640,61408,NGF1
1604876400777826825,1604876400762379579,0,1,62831,T,A,0,-50000000,1,4,18546,61486,NGM1-NGN1
1604876400777972445,1604876400763697781,0,1,62831,T,B,0,-50000000,1,4,18302,61490,NGM1-NGN1
1604876400778298172,1604876400764048963,0,1,111284,T,B,0,2843000000,1,4,18155,61495,NGZ0
1604876400780337604,1604876400772444979,0,1,62831,T,B,0,-50000000,2,4,17747,61527,NGM1-NGN1
1604876400787507834,1604876400781283199,0,1,111294,T,A,0,2904000000,1,4,18977,61637,NGH1
1604876400787507834,1604876400781283199,0,1,111294,T,A,0,2902000000,1,132,18977,61637,NGH1
1604876400787507834,1604876400781283199,0,1,111296,T,N,0,2779000000,1,4,18977,61637,NGJ1
1604876400787507834,1604876400781283199,0,1,111296,T,N,0,2777000000,1,4,18977,61637,NGJ1
1604876400787507834,1604876400781283199,0,1,24512,T,N,0,125000000,2,4,18977,61637,NGH1-NGJ1
1604876400800956832,1604876400783551775,0,1,111284,T,N,0,2835000000,1,4,18421,61738,NGZ0
1604876400800956832,1604876400783551775,0,1,111298,T,N,0,2764000000,1,4,18421,61738,NGK1
1604876400800956832,1604876400783551775,0,1,204876,T,B,0,71000000,1,132,18421,61738,NGZ0-NGK1
1604876400801579595,1604876400784080759,0,1,111284,T,N,0,2838000000,1,4,18515,61745,NGZ0
1604876400801579595,1604876400784080759,0,1,111284,T,N,0,2841000000,1,4,18515,61745,NGZ0
1604876400801579595,1604876400784080759,0,1,282823,T,B,0,-20000000,1,4,18515,61745,NGZ0-NGU1
1604876400801579595,1604876400784080759,0,1,282823,T,B,0,-14000000,1,132,18515,61745,NGZ0-NGU1
1604876400801579595,1604876400784080759,0,1,111305,T,N,0,2858000000,1,4,18515,61745,NGU1
1604876400801579595,1604876400784080759,0,1,111305,T,N,0,2855000000,1,4,18515,61745,NGU1
1604876400803192135,1604876400785543047,0,1,204979,T,A,0,14000000,2,4,18414,61765,NGJ1-NGK1
1604876400803995838,1604876400786825829,0,1,24512,T,N,0,125000000,1,4,18078,61780,NGH1-NGJ1
1604876400803995838,1604876400786825829,0,1,111296,T,N,0,2779000000,1,4,18078,61780,NGJ1
1604876400803995838,1604876400786825829,0,1,111294,T,A,0,2904000000,1,132,18078,61780,NGH1
1604876400804938676,1604876400788646877,0,1,24512,T,A,0,123000000,1,4,17711,61798,NGH1-NGJ1
1604876400805007216,1604876400788702429,0,1,204979,T,A,0,14000000,1,4,18363,61800,NGJ1-NGK1
1604876400805068536,1604876400788741953,0,1,215880,T,A,0,72000000,1,4,17690,61802,NGG1-NGH1
1604876400805140624,1604876400788817525,0,1,15228,T,A,0,24000000,1,4,17774,61804,NGF1-NGG1
1604876400805198279,1604876400788865589,0,1,51363,T,A,0,-144000000,1,4,17736,61806,NGZ0-NGF1
1604876400805246939,1604876400789056443,0,1,111284,T,A,0,2831000000,2,4,17815,61808,NGZ0
1604876400806942008,1604876400791979633,0,1,111284,T,N,0,2843000000,1,4,19040,61825,NGZ0
1604876400806942008,1604876400791979633,0,1,63739,T,B,0,-9000000,1,132,19040,61825,NGZ0-NGN1
1604876400806942008,1604876400791979633,0,1,111301,T,N,0,2852000000,1,4,19040,61825,NGN1
1604876400807483351,1604876400791979633,0,1,111284,T,N,0,2843000000,1,4,18318,61830,NGZ0
1604876400807483351,1604876400791979633,0,1,111299,T,N,0,2805000000,1,4,18318,61830,NGM1
1604876400807483351,1604876400791979633,0,1,121165,T,B,0,38000000,1,132,18318,61830,NGZ0-NGM1
1604876400808216338,1604876400793546781,0,1,111284,T,A,0,2831000000,1,4,18017,61839,NGZ0
1604876400808254421,1604876400794171653,0,1,111284,T,A,0,2831000000,1,4,17549,61842,NGZ0
1604876400808609033,1604876400798790023,0,1,51363,T,A,0,-144000000,2,4,17256,61854,NGZ0-NGF1
1604876400808917100,1604876400798790023,0,1,282784,T,A,0,11000000,2,4,17119,61862,NGQ1-NGU1
1604876400808976784,1604876400798790023,0,1,111284,T,N,0,2844000000,1,4,18168,61864,NGZ0
1604876400808976784,1604876400798790023,0,1,204876,T,B,0,81000000,1,132,18168,61864,NGZ0-NGK1
1604876400808976784,1604876400798790023,0,1,111298,T,N,0,2763000000,1,4,18168,61864,NGK1
1604876400813249884,1604876400804775513,0,1,111284,T,A,0,2832000000,1,4,17799,61943,NGZ0
1604876400814088130,1604876400808421239,0,1,51363,T,A,0,-144000000,1,4,18515,61963,NGZ0-NGF1
1604876400814310034,1604876400808421239,0,1,51363,T,A,0,-144000000,1,4,17505,61970,NGZ0-NGF1
1604876400824128938,1604876400809411809,0,1,24512,T,B,0,123000000,1,4,21233,61989,NGH1-NGJ1
1604876400824237386,1604876400809455133,0,1,215880,T,B,0,75000000,1,4,18386,61991,NGG1-NGH1
1604876400824357758,1604876400809492305,0,1,24463,T,A,0,200000000,1,4,18391,61994,NGG1-NGJ1
1604876400825388228,1604876400810448467,0,1,111284,T,B,0,2847000000,1,4,18205,62012,NGZ0
1604876400826251426,1604876400813648195,0,1,51363,T,A,0,-144000000,1,4,18031,62038,NGZ0-NGF1
1604876400826603289,1604876400814752333,0,1,24512,T,B,0,123000000,1,4,19617,62056,NGH1-NGJ1
1604876400826647349,1604876400814760753,0,1,215879,T,B,0,98000000,1,4,18534,62058,NGF1-NGH1
1604876400826668685,1604876400814768299,0,1,15228,T,A,0,24000000,1,4,19320,62059,NGF1-NGG1
1604876400826707481,1604876400814771973,0,1,24463,T,A,0,198000000,1,4,17098,62061,NGG1-NGJ1
1604876400828141466,1604876400824665301,0,1,62831,T,B,0,-50000000,3,4,18847,62099,NGM1-NGN1
1604876400830673893,1604876400827202537,0,1,111298,T,B,0,2766000000,1,132,19033,62142,NGK1
1604876400830673893,1604876400827202537,0,1,204979,T,N,0,13000000,1,4,19033,62142,NGJ1-NGK1
1604876400830673893,1604876400827202537,0,1,111296,T,N,0,2779000000,1,4,19033,62142,NGJ1
1604876400832427586,1604876400829740175,0,1,111284,T,B,0,2866000000,1,4,20941,62182,NGZ0
1604876400851373353,1604876400850143403,0,1,111284,T,A,0,2837000000,1,4,18321,62322,NGZ0
1604876400878496492,1604876400876954407,0,1,111284,T,B,0,2863000000,2,4,18840,62377,NGZ0
1604876401009227475,1604876401003312759,0,1,111284,T,B,0,2865000000,3,4,24908,63060,NGZ0
1604876401009227475,1604876401003312759,0,1,111284,T,B,0,2866000000,3,4,24908,63060,NGZ0
1604876401009227475,1604876401003312759,0,1,51363,T,N,0,-143000000,1,4,24908,63060,NGZ0-NGF1
1604876401009227475,1604876401003312759,0,1,111291,T,N,0,3008000000,1,4,24908,63060,NGF1
1604876401021676702,1604876401009232447,0,1,111291,T,N,0,3007000000,1,4,18660,63204,NGF1
1604876401021676702,1604876401009232447,0,1,51363,T,N,0,-143000000,1,4,18660,63204,NGZ0-NGF1
1604876401021676702,1604876401009232447,0,1,111284,T,B,0,2864000000,1,132,18660,63204,NGZ0
1604876401022235449,1604876401009263515,0,1,51363,T,B,0,-143000000,5,4,18449,63215,NGZ0-NGF1
1604876401025505763,1604876401023132681,0,1,111284,T,A,0,2866000000,1,4,18191,63350,NGZ0
1604876401025794531,1604876401024383911,0,1,111284,T,A,0,2866000000,1,4,18074,63359,NGZ0
1604876401025806798,1604876401024507463,0,1,111284,T,N,0,2866000000,1,4,18867,63360,NGZ0
1604876401025806798,1604876401024507463,0,1,111298,T,N,0,2767000000,1,4,18867,63360,NGK1
1604876401025806798,1604876401024507463,0,1,204876,T,A,0,99000000,1,132,18867,63360,NGZ0-NGK1
1604876401026616889,1604876401024639845,0,1,111284,T,A,0,2866000000,1,4,18960,63366,NGZ0
1604876401026850624,1604876401025468699,0,1,111284,T,A,0,2866000000,1,4,17502,63372,NGZ0
1604876401030051742,1604876401027741001,0,1,111298,T,B,0,2766000000,1,4,18999,63421,NGK1
1604876401039086940,1604876401027741217,0,1,111284,T,N,0,2866000000,1,4,20591,63426,NGZ0
1604876401039086940,1604876401027741217,0,1,111293,T,A,0,2980000000,1,132,20591,63426,NGG1
1604876401039086940,1604876401027741217,0,1,15142,T,N,0,-114000000,1,4,20591,63426,NGZ0-NGG1
1604876401039208860,1604876401027743041,0,1,111298,T,B,0,2766000000,1,132,18913,63428,NGK1
1604876401039208860,1604876401027743041,0,1,111296,T,N,0,2779000000,1,4,18913,63428,NGJ1
1604876401039208860,1604876401027743041,0,1,204979,T,N,0,13000000,1,4,18913,63428,NGJ1-NGK1
1604876401040980493,1604876401027891367,0,1,51363,T,B,0,-142000000,1,4,17986,63455,NGZ0-NGF1
1604876401041490884,1604876401029117317,0,1,111284,T,A,0,2866000000,2,4,20408,63468,NGZ0
1604876401042337366,1604876401030542135,0,1,15228,T,B,0,26000000,1,4,18003,63485,NGF1-NGG1
1604876401042373074,1604876401030547529,0,1,51363,T,B,0,-142000000,1,4,17744,63487,NGZ0-NGF1
1604876401045023845,1604876401041052111,0,1,24512,T,B,0,123000000,4,4,18125,63545,NGH1-NGJ1
1604876401048858681,1604876401043487587,0,1,111284,T,A,0,2867000000,1,4,17884,63628,NGZ0
1604876401050326394,1604876401045067153,0,1,24512,T,B,0,123000000,1,4,17852,63680,NGH1-NGJ1
1604876401074077708,1604876401064977877,0,1,111298,T,N,0,2764000000,1,4,20084,63835,NGK1
1604876401074077708,1604876401064977877,0,1,111299,T,B,0,2806000000,1,132,20084,63835,NGM1
1604876401074077708,1604876401064977877,0,1,121372,T,N,0,-42000000,1,4,20084,63835,NGK1-NGM1
1604876401113576306,1604876401111838431,0,1,111284,T,N,0,2860000000,1,4,19155,63915,NGZ0
1604876401113576306,1604876401111838431,0,1,111294,T,N,0,2902000000,1,4,19155,63915,NGH1
1604876401113576306,1604876401111838431,0,1,215785,T,A,0,-42000000,1,132,19155,63915,NGZ0-NGH1
1604876401115178987,1604876401114225447,0,1,51363,T,B,0,-142000000,1,4,18248,63925,NGZ0-NGF1
1604876401162902185,1604876401162029677,0,1,111284,T,B,0,2862000000,1,4,18996,64048,NGZ0
1604876401311620377,1604876401310309819,0,1,121372,T,N,0,-42000000,1,4,19699,64302,NGK1-NGM1
1604876401311620377,1604876401310309819,0,1,111299,T,B,0,2806000000,1,132,19699,64302,NGM1
1604876401311620377,1604876401310309819,0,1,111298,T,N,0,2764000000,1,4,19699,64302,NGK1
1604876401320215744,1604876401318102449,0,1,111298,T,B,0,2764000000,1,132,18160,64469,NGK1
1604876401320215744,1604876401318102449,0,1,204979,T,N,0,13000000,1,4,18160,64469,NGJ1-NGK1
1604876401320215744,1604876401318102449,0,1,111296,T,N,0,2777000000,1,4,18160,64469,NGJ1
1604876401327173495,1604876401325280517,0,1,111284,T,B,0,2851000000,1,4,19457,64612,NGZ0
1604876401340240705,1604876401338762329,0,1,111294,T,N,0,2901000000,1,4,19093,64682,NGH1
1604876401340240705,1604876401338762329,0,1,111291,T,B,0,2999000000,1,132,19093,64682,NGF1
1604876401340240705,1604876401338762329,0,1,215879,T,N,0,98000000,1,4,19093,64682,NGF1-NGH1
1604876401355590951,1604876401353371911,0,1,111291,T,N,0,2991000000,1,4,20779,64723,NGF1
1604876401355590951,1604876401353371911,0,1,111291,T,N,0,2989000000,1,4,20779,64723,NGF1
1604876401355590951,1604876401353371911,0,1,111284,T,A,0,2848000000,1,4,20779,64723,NGZ0
1604876401355590951,1604876401353371911,0,1,111284,T,A,0,2846000000,1,132,20779,64723,NGZ0
1604876401355590951,1604876401353371911,0,1,51363,T,N,0,-143000000,2,4,20779,64723,NGZ0-NGF1
1604876401478485738,1604876401471078843,0,1,51363,T,N,0,-142000000,3,4,25533,64789,NGZ0-NGF1
1604876401478485738,1604876401471078843,0,1,111284,T,B,0,2856000000,1,4,25533,64789,NGZ0
1604876401478485738,1604876401471078843,0,1,111284,T,B,0,2858000000,1,4,25533,64789,NGZ0
1604876401478485738,1604876401471078843,0,1,111284,T,B,0,2859000000,1,4,25533,64789,NGZ0
1604876401478485738,1604876401471078843,0,1,111284,T,B,0,2860000000,1,132,25533,64789,NGZ0
1604876401478485738,1604876401471078843,0,1,111291,T,N,0,2998000000,1,4,25533,64789,NGF1
1604876401478485738,1604876401471078843,0,1,111291,T,N,0,3000000000,1,4,25533,64789,NGF1
1604876401478485738,1604876401471078843,0,1,111291,T,N,0,3001000000,1,4,25533,64789,NGF1
1604876401478485738,1604876401471078843,0,1,15142,T,N,0,-114000000,1,4,25533,64789,NGZ0-NGG1
1604876401478485738,1604876401471078843,0,1,111293,T,N,0,2974000000,1,4,25533,64789,NGG1
1604876401479318020,1604876401474220387,0,1,15228,T,B,0,26000000,1,4,23915,64807,NGF1-NGG1
1604876401479337904,1604876401474226043,0,1,51363,T,B,0,-142000000,1,4,18247,64809,NGZ0-NGF1
1604876401593805555,1604876401592293493,0,1,51363,T,N,0,-142000000,1,4,29073,64905,NGZ0-NGF1
1604876401593805555,1604876401592293493,0,1,111291,T,N,0,2999000000,1,4,29073,64905,NGF1
1604876401593805555,1604876401592293493,0,1,111284,T,B,0,2857000000,1,132,29073,64905,NGZ0
1604876401609933660,1604876401601330645,0,1,111284,T,A,0,2847000000,1,132,28618,64913,NGZ0
1604876401609933660,1604876401601330645,0,1,111291,T,N,0,2991000000,1,4,28618,64913,NGF1
1604876401609933660,1604876401601330645,0,1,51363,T,N,0,-144000000,1,4,28618,64913,NGZ0-NGF1
1604876401610010964,1604876401602363825,0,1,51363,T,N,0,-144000000,1,4,24929,64917,NGZ0-NGF1
1604876401610010964,1604876401602363825,0,1,111291,T,N,0,2990000000,1,4,24929,64917,NGF1
1604876401610010964,1604876401602363825,0,1,111284,T,A,0,2846000000,1,132,24929,64917,NGZ0
1604876401610052796,1604876401602458439,0,1,111284,T,B,0,2860000000,1,132,23847,64920,NGZ0
1604876401610052796,1604876401602458439,0,1,111291,T,N,0,3002000000,1,4,23847,64920,NGF1
1604876401610052796,1604876401602458439,0,1,51363,T,N,0,-142000000,1,4,23847,64920,NGZ0-NGF1
1604876401709429749,1604876401702578955,0,1,111284,T,A,0,2845000000,1,4,28093,64975,NGZ0
1604876401782895704,1604876401781926289,0,1,111284,T,B,0,2853000000,1,132,19801,65012,NGZ0
1604876401782895704,1604876401781926289,0,1,51363,T,N,0,-142000000,1,4,19801,65012,NGZ0-NGF1
1604876401782895704,1604876401781926289,0,1,111291,T,N,0,2995000000,1,4,19801,65012,NGF1
1604876401799908187,1604876401791901603,0,1,111284,T,B,0,2859000000,1,4,23928,65022,NGZ0
1604876401803242648,1604876401802695275,0,1,111284,T,A,0,2846000000,1,4,18849,65036,NGZ0
1604876402535368070,1604876402528398707,0,1,111284,T,A,0,2845000000,2,4,26814,65261,NGZ0
1604876402535368070,1604876402528398707,0,1,111284,T,A,0,2843000000,2,4,26814,65261,NGZ0
1604876402535368070,1604876402528398707,0,1,111284,T,A,0,2842000000,1,4,26814,65261,NGZ0
1604876402535368070,1604876402528398707,0,1,111284,T,A,0,2840000000,1,4,26814,65261,NGZ0
1604876402535368070,1604876402528398707,0,1,111284,T,A,0,2838000000,1,4,26814,65261,NGZ0
1604876402535368070,1604876402528398707,0,1,111284,T,A,0,2837000000,1,4,26814,65261,NGZ0
1604876402535368070,1604876402528398707,0,1,111284,T,A,0,2835000000,2,4,26814,65261,NGZ0
1604876402535368070,1604876402528398707,0,1,111284,T,A,0,2832000000,2,4,26814,65261,NGZ0
1604876402535368070,1604876402528398707,0,1,111284,T,A,0,2830000000,1,4,26814,65261,NGZ0
1604876402535368070,1604876402528398707,0,1,111284,T,A,0,2829000000,4,4,26814,65261,NGZ0
1604876402535368070,1604876402528398707,0,1,111291,T,N,0,2989000000,2,4,26814,65261,NGF1
1604876402535368070,1604876402528398707,0,1,111291,T,N,0,2987000000,1,4,26814,65261,NGF1
1604876402535368070,1604876402528398707,0,1,111291,T,N,0,2984000000,1,4,26814,65261,NGF1
1604876402535368070,1604876402528398707,0,1,111291,T,N,0,2981000000,1,4,26814,65261,NGF1
1604876402535368070,1604876402528398707,0,1,111291,T,N,0,2979000000,1,4,26814,65261,NGF1
1604876402535368070,1604876402528398707,0,1,111291,T,N,0,2976000000,1,4,26814,65261,NGF1
1604876402535368070,1604876402528398707,0,1,51363,T,N,0,-144000000,7,4,26814,65261,NGZ0-NGF1
1604876402535368070,1604876402528398707,0,1,111293,T,N,0,2965000000,1,4,26814,65261,NGG1
1604876402535368070,1604876402528398707,0,1,15142,T,N,0,-122000000,1,4,26814,65261,NGZ0-NGG1
1604876402536392720,1604876402532456503,0,1,15228,T,A,0,24000000,1,4,17970,65282,NGF1-NGG1
1604876402536428172,1604876402532462477,0,1,51363,T,A,0,-144000000,1,4,17861,65284,NGZ0-NGF1
1604876402537894229,1604876402535391175,0,1,111298,T,A,0,2762000000,6,4,18768,65315,NGK1
1604876402553764666,1604876402552761375,0,1,111294,T,N,0,2897000000,1,4,19295,65402,NGH1
1604876402553764666,1604876402552761375,0,1,111305,T,N,0,2861000000,1,4,19295,65402,NGU1
1604876402553764666,1604876402552761375,0,1,282760,T,B,0,36000000,1,132,19295,65402,NGH1-NGU1
1604876402557431295,1604876402556739979,0,1,24512,T,A,0,123000000,1,4,19054,65410,NGH1-NGJ1
1604876402557927726,1604876402556739979,0,1,62831,T,A,0,-50000000,1,4,18871,65414,NGM1-NGN1
1604876402558279381,1604876402556739979,0,1,282784,T,A,0,11000000,1,4,18445,65416,NGQ1-NGU1
1604876402788756373,1604876402788034655,0,1,111298,T,N,0,2762000000,1,4,18947,65524,NGK1
1604876402788756373,1604876402788034655,0,1,111296,T,A,0,2775000000,1,132,18947,65524,NGJ1
1604876402788756373,1604876402788034655,0,1,204979,T,N,0,13000000,1,4,18947,65524,NGJ1-NGK1
1604876402789257528,1604876402788766741,0,1,111298,T,A,0,2762000000,5,4,17806,65532,NGK1
1604876402789735187,1604876402788812891,0,1,204979,T,A,0,13000000,1,4,18380,65534,NGJ1-NGK1
1604876402811188613,1604876402804743305,0,1,51363,T,N,0,-144000000,1,4,23828,65554,NGZ0-NGF1
1604876402811188613,1604876402804743305,0,1,111291,T,N,0,2985000000,1,4,23828,65554,NGF1
1604876402811188613,1604876402804743305,0,1,111284,T,A,0,2841000000,1,132,23828,65554,NGZ0
1604876402844765376,1604876402843865647,0,1,111284,T,N,0,2846000000,2,4,18597,65645,NGZ0
1604876402844765376,1604876402843865647,0,1,111298,T,N,0,2762000000,2,4,18597,65645,NGK1
1604876402844765376,1604876402843865647,0,1,204876,T,B,0,84000000,2,132,18597,65645,NGZ0-NGK1
1604876402845293971,1604876402843980611,0,1,111296,T,N,0,2770000000,1,4,18467,65650,NGJ1
1604876402845293971,1604876402843980611,0,1,24512,T,N,0,122000000,1,4,18467,65650,NGH1-NGJ1
1604876402845293971,1604876402843980611,0,1,111294,T,A,0,2892000000,1,132,18467,65650,NGH1
1604876402882051172,1604876402880923339,0,1,111298,T,N,0,2762000000,1,4,20517,65844,NGK1
1604876402882051172,1604876402880923339,0,1,111293,T,N,0,2966000000,1,4,20517,65844,NGG1
1604876402882051172,1604876402880923339,0,1,204962,T,B,0,204000000,1,132,20517,65844,NGG1-NGK1
1604876402882379983,1604876402880923339,0,1,111298,T,N,0,2762000000,1,4,19825,65849,NGK1
1604876402882379983,1604876402880923339,0,1,111294,T,N,0,2893000000,1,4,19825,65849,NGH1
1604876402882379983,1604876402880923339,0,1,204963,T,B,0,131000000,1,132,19825,65849,NGH1-NGK1
1604876402887801360,1604876402886914999,0,1,51363,T,A,0,-144000000,2,4,19008,65860,NGZ0-NGF1
1604876402893310318,1604876402891653195,0,1,215880,T,A,0,72000000,1,4,18707,65966,NGG1-NGH1
1604876403041921701,1604876403041073949,0,1,111284,T,B,0,2850000000,1,4,17900,66075,NGZ0
1604876403060868500,1604876403059664175,0,1,111284,T,N,0,2845000000,1,4,19092,66125,NGZ0
1604876403060868500,1604876403059664175,0,1,51363,T,N,0,-144000000,1,4,19092,66125,NGZ0-NGF1
1604876403060868500,1604876403059664175,0,1,111291,T,B,0,2989000000,2,4,19092,66125,NGF1
1604876403063948006,1604876403063001067,0,1,111291,T,N,0,2984000000,1,4,19221,66176,NGF1
1604876403063948006,1604876403063001067,0,1,51363,T,N,0,-144000000,1,4,19221,66176,NGZ0-NGF1
1604876403063948006,1604876403063001067,0,1,111284,T,A,0,2840000000,1,132,19221,66176,NGZ0
1604876403106433743,1604876403105525605,0,1,111284,T,B,0,2845000000,1,4,17689,66227,NGZ0
1604876403274270767,1604876403272923545,0,1,111284,T,A,0,2839000000,1,132,19073,66279,NGZ0
1604876403274270767,1604876403272923545,0,1,51363,T,N,0,-144000000,1,4,19073,66279,NGZ0-NGF1
1604876403274270767,1604876403272923545,0,1,111291,T,N,0,2983000000,1,4,19073,66279,NGF1
1604876403309621594,1604876403307972409,0,1,111284,T,A,0,2838000000,1,132,18946,66323,NGZ0
1604876403309621594,1604876403307972409,0,1,111293,T,N,0,2960000000,1,4,18946,66323,NGG1
1604876403309621594,1604876403307972409,0,1,15142,T,N,0,-122000000,1,4,18946,66323,NGZ0-NGG1
1604876403321993894,1604876403308631667,0,1,15228,T,A,0,24000000,1,4,19518,66327,NGF1-NGG1
1604876403322073854,1604876403308640003,0,1,51363,T,A,0,-144000000,1,4,17628,66329,NGZ0-NGF1
1604876403469414181,1604876403468637951,0,1,51363,T,N,0,-144000000,1,4,19379,66423,NGZ0-NGF1
1604876403469414181,1604876403468637951,0,1,111284,T,A,0,2837000000,1,132,19379,66423,NGZ0
1604876403469414181,1604876403468637951,0,1,111291,T,N,0,2981000000,1,4,19379,66423,NGF1
1604876403853867700,1604876403853398367,0,1,111284,T,A,0,2840000000,1,4,17806,66505,NGZ0
1604876404253155920,1604876404252321049,0,1,111284,T,A,0,2837000000,1,132,23171,66552,NGZ0
1604876404253155920,1604876404252321049,0,1,111291,T,N,0,2981000000,1,4,23171,66552,NGF1
1604876404253155920,1604876404252321049,0,1,51363,T,N,0,-144000000,1,4,23171,66552,NGZ0-NGF1
1604876404787682310,1604876404785852269,0,1,51363,T,N,0,-144000000,1,4,18968,66610,NGZ0-NGF1
1604876404787682310,1604876404785852269,0,1,111291,T,N,0,2981000000,1,4,18968,66610,NGF1
1604876404787682310,1604876404785852269,0,1,111284,T,A,0,2837000000,1,132,18968,66610,NGZ0
1604876404808467306,1604876404807308235,0,1,111284,T,B,0,2845000000,1,4,18381,66623,NGZ0
1604876404903838131,1604876404902136483,0,1,51363,T,B,0,-143000000,4,4,18951,66676,NGZ0-NGF1
1604876404950039530,1604876404948263959,0,1,51363,T,N,0,-143000000,1,4,20905,66709,NGZ0-NGF1
1604876404950039530,1604876404948263959,0,1,51363,T,N,0,-142000000,1,4,20905,66709,NGZ0-NGF1
1604876404950039530,1604876404948263959,0,1,111284,T,B,0,2845000000,7,4,20905,66709,NGZ0
1604876404950039530,1604876404948263959,0,1,111284,T,B,0,2846000000,1,4,20905,66709,NGZ0
1604876404950039530,1604876404948263959,0,1,111284,T,B,0,2848000000,1,4,20905,66709,NGZ0
1604876404950039530,1604876404948263959,0,1,111291,T,N,0,2988000000,2,4,20905,66709,NGF1
1604876404950039530,1604876404948263959,0,1,111294,T,N,0,2892000000,1,4,20905,66709,NGH1
1604876404950039530,1604876404948263959,0,1,215785,T,N,0,-44000000,1,4,20905,66709,NGZ0-NGH1
1604876404956200462,1604876404953366681,0,1,111298,T,N,0,2766000000,1,4,17798,66868,NGK1
1604876404956200462,1604876404953366681,0,1,111305,T,B,0,2866000000,1,132,17798,66868,NGU1
1604876404956200462,1604876404953366681,0,1,282762,T,N,0,-100000000,1,4,17798,66868,NGK1-NGU1
1604876404956882793,1604876404954250955,0,1,282767,T,A,0,-3000000,1,4,19391,66891,NGN1-NGU1
1604876404960779125,1604876404959203377,0,1,121372,T,A,0,-42000000,1,4,19629,66976,NGK1-NGM1
1604876405206582388,1604876405205927179,0,1,111291,T,N,0,2989000000,1,4,19695,67159,NGF1
1604876405206582388,1604876405205927179,0,1,111284,T,A,0,2845000000,1,4,19695,67159,NGZ0
1604876405206582388,1604876405205927179,0,1,51363,T,N,0,-144000000,1,4,19695,67159,NGZ0-NGF1
1604876405207495226,1604876405206829369,0,1,111284,T,N,0,2845000000,1,4,19319,67171,NGZ0
1604876405207495226,1604876405206829369,0,1,15142,T,N,0,-122000000,1,4,19319,67171,NGZ0-NGG1
1604876405207495226,1604876405206829369,0,1,111293,T,B,0,2967000000,1,132,19319,67171,NGG1
1604876405207703550,1604876405206830159,0,1,111284,T,B,0,2845000000,5,4,17714,67173,NGZ0
1604876405208627068,1604876405206854715,0,1,111291,T,A,0,2991000000,1,132,18797,67182,NGF1
1604876405208627068,1604876405206854715,0,1,111294,T,N,0,2894000000,1,4,18797,67182,NGH1
1604876405208627068,1604876405206854715,0,1,215879,T,N,0,97000000,1,4,18797,67182,NGF1-NGH1
1604876405208873367,1604876405207233757,0,1,215785,T,B,0,-49000000,1,4,22660,67186,NGZ0-NGH1
1604876405209013151,1604876405207474857,0,1,15228,T,A,0,24000000,1,4,17991,67188,NGF1-NGG1
1604876405209326015,1604876405207482993,0,1,51363,T,A,0,-144000000,1,4,18619,67190,NGZ0-NGF1
1604876405217713042,1604876405208817727,0,1,215879,T,A,0,97000000,1,4,19291,67235,NGF1-NGH1
1604876405218217085,1604876405210076503,0,1,51363,T,A,0,-144000000,1,4,17633,67253,NGZ0-NGF1
1604876405218732572,1604876405216978095,0,1,215879,T,N,0,96000000,1,4,20553,67265,NGF1-NGH1
1604876405218732572,1604876405216978095,0,1,111294,T,B,0,2895000000,1,132,20553,67265,NGH1
1604876405218732572,1604876405216978095,0,1,111291,T,N,0,2991000000,1,4,20553,67265,NGF1
1604876406258974860,1604876406258404463,0,1,111291,T,B,0,2997000000,1,4,18009,67517,NGF1
1604876406260582401,1604876406259592451,0,1,24512,T,B,0,119000000,2,4,18731,67529,NGH1-NGJ1
1604876407299198010,1604876407298044429,0,1,24512,T,B,0,121000000,1,4,18304,67838,NGH1-NGJ1
1604876407299999229,1604876407299244769,0,1,24512,T,B,0,121000000,1,4,18478,67848,NGH1-NGJ1
1604876407472294896,1604876407471646965,0,1,111284,T,A,0,2854000000,1,4,19651,67953,NGZ0
1604876409389977970,1604876409389179915,0,1,111284,T,A,0,2854000000,1,4,17859,68005,NGZ0
1604876409870449500,1604876409869746141,0,1,111284,T,A,0,2854000000,1,4,17769,68053,NGZ0
1604876409871040279,1604876409870485239,0,1,111293,T,A,0,2972000000,1,4,17784,68056,NGG1
1604876409871753514,1604876409871285855,0,1,111291,T,A,0,2997000000,1,4,17882,68071,NGF1
1604876409911427412,1604876409910871803,0,1,111284,T,A,0,2854000000,1,4,17423,68089,NGZ0
1604876409916024460,1604876409915398717,0,1,111284,T,A,0,2854000000,3,4,18282,68094,NGZ0
1604876411236072439,1604876411234920479,0,1,111284,T,A,0,2849000000,3,4,20155,68219,NGZ0
1604876411236072439,1604876411234920479,0,1,111294,T,N,0,2897000000,1,4,20155,68219,NGH1
1604876411236072439,1604876411234920479,0,1,215785,T,N,0,-48000000,1,4,20155,68219,NGZ0-NGH1
1604876411473794698,1604876411473056681,0,1,111284,T,B,0,2854000000,1,4,18256,68359,NGZ0
1604876413151053618,1604876413149392373,0,1,111284,T,B,0,2850000000,2,4,18020,68533,NGZ0
1604876413733206283,1604876413732293159,0,1,215785,T,B,0,-47000000,1,4,18411,68615,NGZ0-NGH1
1604876415582409314,1604876415581043423,0,1,111284,T,A,0,2849000000,3,4,19409,68783,NGZ0
1604876415582409314,1604876415581043423,0,1,111284,T,A,0,2848000000,2,4,19409,68783,NGZ0
1604876416985650708,1604876416983313977,0,1,111284,T,A,0,2846000000,5,4,21849,68933,NGZ0
1604876416985650708,1604876416983313977,0,1,111284,T,A,0,2844000000,1,4,21849,68933,NGZ0
1604876416985650708,1604876416983313977,0,1,111284,T,A,0,2843000000,3,4,21849,68933,NGZ0
1604876416985650708,1604876416983313977,0,1,111284,T,A,0,2842000000,1,4,21849,68933,NGZ0
1604876416985650708,1604876416983313977,0,1,111291,T,N,0,2990000000,2,4,21849,68933,NGF1
1604876416985650708,1604876416983313977,0,1,111291,T,N,0,2987000000,1,4,21849,68933,NGF1
1604876416985650708,1604876416983313977,0,1,51363,T,N,0,-144000000,3,4,21849,68933,NGZ0-NGF1
1604876416987433496,1604876416985642239,0,1,111294,T,A,0,2893000000,1,132,18629,68966,NGH1
1604876416987433496,1604876416985642239,0,1,24512,T,N,0,121000000,1,4,18629,68966,NGH1-NGJ1
1604876416987433496,1604876416985642239,0,1,111296,T,N,0,2772000000,1,4,18629,68966,NGJ1
1604876416987636907,1604876416985664367,0,1,111296,T,A,0,2775000000,1,132,19147,68970,NGJ1
1604876416987636907,1604876416985664367,0,1,111298,T,N,0,2762000000,1,4,19147,68970,NGK1
1604876416987636907,1604876416985664367,0,1,204979,T,N,0,13000000,1,4,19147,68970,NGJ1-NGK1
1604876416991389340,1604876416989739165,0,1,111296,T,B,0,2773000000,1,132,19982,69059,NGJ1
1604876416991389340,1604876416989739165,0,1,24512,T,N,0,121000000,1,4,19982,69059,NGH1-NGJ1
1604876416991389340,1604876416989739165,0,1,111294,T,N,0,2894000000,1,4,19982,69059,NGH1
1604876417301878228,1604876417301140495,0,1,111284,T,B,0,2845000000,2,4,19984,69235,NGZ0
1604876418060985760,1604876418059732727,0,1,111284,T,B,0,2848000000,1,4,19559,69292,NGZ0
1604876418060985760,1604876418059732727,0,1,111284,T,B,0,2849000000,1,4,19559,69292,NGZ0
1604876418060985760,1604876418059732727,0,1,51363,T,N,0,-143000000,1,4,19559,69292,NGZ0-NGF1
1604876418060985760,1604876418059732727,0,1,111291,T,N,0,2992000000,1,4,19559,69292,NGF1
1604876419089451475,1604876419087156109,0,1,111284,T,A,0,2847000000,1,4,23720,69460,NGZ0
1604876420069137935,1604876420067139335,0,1,215785,T,B,0,-48000000,1,4,20312,69473,NGZ0-NGH1
1604876420069502866,1604876420067166723,0,1,215880,T,A,0,72000000,1,4,26189,69474,NGG1-NGH1
1604876420697926884,1604876420696919427,0,1,111298,T,N,0,2765000000,1,4,19269,69600,NGK1
1604876420697926884,1604876420696919427,0,1,10725,T,N,0,-106000000,1,4,19269,69600,NGK1-NGQ1
1604876420697926884,1604876420696919427,0,1,111303,T,B,0,2871000000,1,132,19269,69600,NGQ1
1604876420699349937,1604876420698550143,0,1,111296,T,N,0,2778000000,1,4,19662,69649,NGJ1
1604876420699349937,1604876420698550143,0,1,111301,T,B,0,2857000000,1,132,19662,69649,NGN1
1604876420699349937,1604876420698550143,0,1,62635,T,N,0,-79000000,1,4,19662,69649,NGJ1-NGN1
1604876421025418084,1604876421023984991,0,1,111284,T,B,0,2850000000,1,4,19585,69822,NGZ0
1604876421238621344,1604876421237913623,0,1,111284,T,A,0,2847000000,3,4,18535,69901,NGZ0
1604876422132052733,1604876422131225221,0,1,215785,T,B,0,-50000000,1,4,18793,69951,NGZ0-NGH1
1604876422132370989,1604876422131314181,0,1,51363,T,A,0,-144000000,1,4,19244,69954,NGZ0-NGF1
1604876422132685748,1604876422131321527,0,1,215880,T,A,0,72000000,1,4,17571,69956,NGG1-NGH1
1604876422132997467,1604876422131322711,0,1,15228,T,A,0,24000000,1,4,19815,69958,NGF1-NGG1
1604876422133291579,1604876422132021829,0,1,51363,T,A,0,-144000000,1,4,17809,69960,NGZ0-NGF1
1604876422133592810,1604876422132029317,0,1,15228,T,A,0,24000000,1,4,17700,69962,NGF1-NGG1
1604876422133935209,1604876422132034897,0,1,215880,T,A,0,72000000,1,4,18462,69964,NGG1-NGH1
1604876422920004328,1604876422918203243,0,1,215785,T,N,0,-49000000,1,4,28869,70011,NGZ0-NGH1
1604876422920004328,1604876422918203243,0,1,111284,T,N,0,2850000000,1,4,28869,70011,NGZ0
1604876422920004328,1604876422918203243,0,1,111294,T,B,0,2899000000,1,132,28869,70011,NGH1
1604876422921337165,1604876422920672595,0,1,111296,T,N,0,2780000000,1,4,19286,70027,NGJ1
1604876422921337165,1604876422920672595,0,1,111299,T,B,0,2809000000,1,132,19286,70027,NGM1
1604876422921337165,1604876422920672595,0,1,121360,T,N,0,-29000000,1,4,19286,70027,NGJ1-NGM1
1604876423136470872,1604876423136013627,0,1,111284,T,B,0,2850000000,2,4,18724,70165,NGZ0
1604876423137253702,1604876423136591077,0,1,111284,T,B,0,2850000000,4,4,18546,70170,NGZ0
1604876423142553012,1604876423139311313,0,1,111294,T,B,0,2901000000,1,132,18219,70237,NGH1
1604876423142553012,1604876423139311313,0,1,215880,T,N,0,72000000,1,4,18219,70237,NGG1-NGH1
1604876423142553012,1604876423139311313,0,1,111293,T,N,0,2973000000,1,4,18219,70237,NGG1
1604876423142947355,1604876423140787735,0,1,111284,T,B,0,2854000000,1,4,17723,70250,NGZ0
1604876423144148421,1604876423143606781,0,1,111293,T,B,0,2975000000,1,4,18305,70284,NGG1
1604876423154015754,1604876423153408311,0,1,215880,T,A,0,72000000,2,4,19085,70350,NGG1-NGH1
1604876423884577825,1604876423881548985,0,1,111293,T,N,0,2974000000,1,4,22995,70445,NGG1
1604876423884577825,1604876423881548985,0,1,111284,T,A,0,2852000000,6,4,22995,70445,NGZ0
1604876423884577825,1604876423881548985,0,1,111284,T,A,0,2851000000,3,4,22995,70445,NGZ0
1604876423884577825,1604876423881548985,0,1,111284,T,A,0,2850000000,1,4,22995,70445,NGZ0
1604876423884577825,1604876423881548985,0,1,111294,T,N,0,2902000000,1,4,22995,70445,NGH1
1604876423884577825,1604876423881548985,0,1,215785,T,N,0,-51000000,1,4,22995,70445,NGZ0-NGH1
1604876423884577825,1604876423881548985,0,1,51363,T,N,0,-144000000,2,4,22995,70445,NGZ0-NGF1
1604876423884577825,1604876423881548985,0,1,111291,T,N,0,2996000000,1,4,22995,70445,NGF1
1604876423884577825,1604876423881548985,0,1,111291,T,N,0,2994000000,1,4,22995,70445,NGF1
1604876423884577825,1604876423881548985,0,1,15142,T,N,0,-122000000,1,4,22995,70445,NGZ0-NGG1
1604876423884846889,1604876423883859127,0,1,15228,T,A,0,24000000,1,4,23643,70458,NGF1-NGG1
1604876423885802719,1604876423883865833,0,1,51363,T,A,0,-144000000,1,4,21472,70460,NGZ0-NGF1
1604876423885824191,1604876423884507441,0,1,215879,T,A,0,95000000,1,4,23521,70461,NGF1-NGH1
1604876423886358102,1604876423884655557,0,1,51363,T,A,0,-144000000,1,4,19337,70478,NGZ0-NGF1
1604876423887252100,1604876423886366315,0,1,51363,T,A,0,-144000000,2,4,18393,70507,NGZ0-NGF1
1604876423888417466,1604876423887885935,0,1,111293,T,A,0,2973000000,1,4,20809,70529,NGG1
1604876423898442174,1604876423897915117,0,1,51363,T,A,0,-144000000,1,4,18617,70540,NGZ0-NGF1
1604876425542201067,1604876425541282027,0,1,111284,T,A,0,2851000000,2,4,18818,70648,NGZ0
1604876425542515850,1604876425541705451,0,1,111284,T,A,0,2851000000,1,4,23748,70658,NGZ0
1604876425642114568,1604876425641515091,0,1,111284,T,A,0,2851000000,2,4,18428,70785,NGZ0
1604876426596277873,1604876426595452323,0,1,15228,T,A,0,24000000,2,4,18356,70823,NGF1-NGG1
1604876426843118582,1604876426841698215,0,1,24512,T,A,0,120000000,2,4,19659,70879,NGH1-NGJ1
1604876426843118582,1604876426841698215,0,1,24512,T,A,0,119000000,5,4,19659,70879,NGH1-NGJ1
1604876426911933064,1604876426910973235,0,1,111284,T,N,0,2851000000,1,4,18879,71004,NGZ0
1604876426911933064,1604876426910973235,0,1,51363,T,N,0,-144000000,1,4,18879,71004,NGZ0-NGF1
1604876426911933064,1604876426910973235,0,1,111291,T,B,0,2995000000,1,132,18879,71004,NGF1
1604876426923317222,1604876426922782355,0,1,51363,T,A,0,-144000000,2,4,18109,71023,NGZ0-NGF1
1604876427436694187,1604876427436094791,0,1,51363,T,A,0,-144000000,2,4,19013,71059,NGZ0-NGF1
1604876427841021531,1604876427840332411,0,1,215880,T,A,0,72000000,1,4,18474,71069,NGG1-NGH1
1604876428158933959,1604876428158409343,0,1,111284,T,B,0,2851000000,1,4,19871,71094,NGZ0
1604876429437622799,1604876429436648675,0,1,15228,T,B,0,24000000,2,4,19261,71160,NGF1-NGG1
1604876429438422705,1604876429437668585,0,1,15228,T,B,0,24000000,1,4,18635,71166,NGF1-NGG1
1604876429804341160,1604876429803382575,0,1,111284,T,N,0,2851000000,1,4,24499,71173,NGZ0
1604876429804341160,1604876429803382575,0,1,51363,T,N,0,-144000000,1,4,24499,71173,NGZ0-NGF1
1604876429804341160,1604876429803382575,0,1,111291,T,B,0,2995000000,1,4,24499,71173,NGF1
1604876429901000243,1604876429900381111,0,1,51363,T,A,0,-144000000,1,4,18080,71275,NGZ0-NGF1
1604876430097381756,1604876430096415333,0,1,111284,T,B,0,2853000000,4,4,18344,71305,NGZ0
1604876430097800972,1604876430097411857,0,1,111284,T,B,0,2853000000,1,4,18194,71318,NGZ0
1604876430101312517,1604876430100155741,0,1,111284,T,B,0,2855000000,1,4,17950,71401,NGZ0
1604876430102244843,1604876430101319641,0,1,111284,T,B,0,2855000000,1,4,19810,71426,NGZ0
1604876430862401125,1604876430861062705,0,1,111284,T,B,0,2856000000,2,4,18798,71717,NGZ0
1604876430865349204,1604876430863777087,0,1,111284,T,B,0,2858000000,1,4,18331,71791,NGZ0
1604876430866416654,1604876430865368605,0,1,111284,T,B,0,2858000000,1,4,20746,71816,NGZ0
1604876431240831010,1604876431240271025,0,1,111284,T,A,0,2857000000,3,4,18083,72125,NGZ0
1604876431569763771,1604876431569025353,0,1,51363,T,A,0,-144000000,1,4,18205,72155,NGZ0-NGF1
1604876432445841749,1604876432445120581,0,1,111284,T,B,0,2857000000,1,4,17675,72221,NGZ0
1604876433086296093,1604876433085855923,0,1,111284,T,B,0,2859000000,1,4,17540,72292,NGZ0
1604876433128759824,1604876433128388271,0,1,111284,T,B,0,2860000000,1,4,18244,72341,NGZ0
1604876435408088415,1604876435407241649,0,1,111284,T,A,0,2857000000,3,4,21725,72510,NGZ0
1604876435408088415,1604876435407241649,0,1,111284,T,A,0,2856000000,7,4,21725,72510,NGZ0
1604876435796188292,1604876435795700371,0,1,111284,T,A,0,2856000000,2,4,17823,72749,NGZ0
1604876436218597927,1604876436218124441,0,1,111284,T,A,0,2855000000,1,4,19906,72807,NGZ0
1604876436219853904,1604876436219245397,0,1,111284,T,A,0,2855000000,1,4,20089,72829,NGZ0
1604876436220869859,1604876436220051929,0,1,111284,T,A,0,2855000000,1,4,18427,72853,NGZ0
1604876436232199716,1604876436231776953,0,1,111284,T,A,0,2854000000,1,4,18310,72910,NGZ0
1604876436495382545,1604876436494286313,0,1,215879,T,A,0,95000000,1,4,20340,72937,NGF1-NGH1
1604876437024742424,1604876437024207905,0,1,111284,T,B,0,2856000000,1,4,24831,72966,NGZ0
1604876440613082792,1604876440612394809,0,1,111284,T,B,0,2856000000,1,4,24065,73025,NGZ0
1604876441229792511,1604876441229216903,0,1,111284,T,A,0,2853000000,1,4,23051,73036,NGZ0
1604876441970537234,1604876441970089257,0,1,111284,T,B,0,2856000000,2,4,26063,73059,NGZ0
1604876444378954406,1604876444377983243,0,1,111291,T,N,0,2998000000,1,4,23587,73133,NGF1
1604876444378954406,1604876444377983243,0,1,111296,T,N,0,2786000000,1,4,23587,73133,NGJ1
1604876444378954406,1604876444377983243,0,1,24441,T,A,0,212000000,1,132,23587,73133,NGF1-NGJ1
1604876444528047229,1604876444526767783,0,1,215880,T,N,0,72000000,1,4,18971,73189,NGG1-NGH1
1604876444528047229,1604876444526767783,0,1,111293,T,B,0,2979000000,2,4,18971,73189,NGG1
1604876444528047229,1604876444526767783,0,1,111294,T,N,0,2907000000,1,4,18971,73189,NGH1
1604876445811699878,1604876445810319907,0,1,111291,T,N,0,3003000000,1,4,20673,73265,NGF1
1604876445811699878,1604876445810319907,0,1,111284,T,B,0,2857000000,1,4,20673,73265,NGZ0
1604876445811699878,1604876445810319907,0,1,111284,T,B,0,2858000000,2,4,20673,73265,NGZ0
1604876445811699878,1604876445810319907,0,1,111284,T,B,0,2859000000,1,4,20673,73265,NGZ0
1604876445811699878,1604876445810319907,0,1,51363,T,N,0,-144000000,1,4,20673,73265,NGZ0-NGF1
1604876447416558213,1604876447415994235,0,1,111291,T,B,0,3005000000,1,4,18375,73382,NGF1
1604876451228880316,1604876451228223473,0,1,111284,T,A,0,2856000000,3,4,26029,73518,NGZ0
1604876451435655287,1604876451433603287,0,1,111284,T,A,0,2855000000,2,4,18838,73571,NGZ0
1604876451435655287,1604876451433603287,0,1,111284,T,A,0,2854000000,4,4,18838,73571,NGZ0
1604876451437780607,1604876451433607555,0,1,111284,T,A,0,2853000000,7,4,19800,73575,NGZ0
1604876451437780607,1604876451433607555,0,1,111291,T,N,0,2998000000,2,4,19800,73575,NGF1
1604876451437780607,1604876451433607555,0,1,51363,T,N,0,-145000000,2,4,19800,73575,NGZ0-NGF1
1604876451437780607,1604876451433607555,0,1,111293,T,N,0,2976000000,1,4,19800,73575,NGG1
1604876451437780607,1604876451433607555,0,1,15142,T,N,0,-123000000,1,4,19800,73575,NGZ0-NGG1
1604876451440680325,1604876451439309463,0,1,15228,T,A,0,23000000,1,4,23084,73655,NGF1-NGG1
1604876451441263972,1604876451439339473,0,1,111284,T,B,0,2853000000,1,4,18728,73659,NGZ0
1604876451441699811,1604876451439473555,0,1,51363,T,A,0,-145000000,1,4,27005,73662,NGZ0-NGF1
1604876451444168495,1604876451442535519,0,1,111284,T,A,0,2854000000,1,4,17811,73729,NGZ0
1604876451463345837,1604876451452434421,0,1,111284,T,B,0,2856000000,1,4,19176,73777,NGZ0
1604876451517005685,1604876451516595029,0,1,111284,T,B,0,2858000000,1,4,18577,73812,NGZ0
1604876451530431971,1604876451530081369,0,1,111284,T,B,0,2859000000,1,4,17923,73891,NGZ0
1604876452758914988,1604876452757126197,0,1,111284,T,N,0,2859000000,1,4,26093,73930,NGZ0
1604876452758914988,1604876452757126197,0,1,51363,T,N,0,-145000000,1,4,26093,73930,NGZ0-NGF1
1604876452758914988,1604876452757126197,0,1,15228,T,N,0,24000000,1,4,26093,73930,NGF1-NGG1
1604876452758914988,1604876452757126197,0,1,111293,T,N,0,2980000000,1,4,26093,73930,NGG1
1604876452758914988,1604876452757126197,0,1,111291,T,B,0,3003000000,1,4,26093,73930,NGF1
1604876452758914988,1604876452757126197,0,1,111291,T,B,0,3004000000,4,4,26093,73930,NGF1
1604876452758914988,1604876452757126197,0,1,111294,T,N,0,2907000000,1,4,26093,73930,NGH1
1604876452758914988,1604876452757126197,0,1,111294,T,N,0,2908000000,1,4,26093,73930,NGH1
1604876452758914988,1604876452757126197,0,1,215879,T,N,0,96000000,2,4,26093,73930,NGF1-NGH1
1604876452759864794,1604876452759031295,0,1,215879,T,B,0,96000000,1,4,17825,73954,NGF1-NGH1
1604876452760016118,1604876452759464771,0,1,111291,T,A,0,3004000000,2,4,17986,73961,NGF1
1604876452761474499,1604876452760089361,0,1,111291,T,A,0,3004000000,3,4,18178,74000,NGF1
1604876452860367681,1604876452859727375,0,1,215879,T,B,0,96000000,1,4,18529,74125,NGF1-NGH1
1604876452889430080,1604876452888086185,0,1,111284,T,B,0,2860000000,1,4,18538,74139,NGZ0
1604876452960866265,1604876452960230291,0,1,215879,T,B,0,96000000,1,4,18400,74146,NGF1-NGH1
1604876453061343748,1604876453060689465,0,1,215879,T,B,0,96000000,1,4,18424,74156,NGF1-NGH1
1604876453297145325,1604876453296566665,0,1,111284,T,A,0,2859000000,1,132,18498,74175,NGZ0
1604876453297145325,1604876453296566665,0,1,111291,T,N,0,3004000000,1,4,18498,74175,NGF1
1604876453297145325,1604876453296566665,0,1,51363,T,N,0,-145000000,1,4,18498,74175,NGZ0-NGF1
1604876453297786007,1604876453297180571,0,1,51363,T,N,0,-145000000,2,4,18422,74177,NGZ0-NGF1
1604876453297786007,1604876453297180571,0,1,111291,T,N,0,3004000000,2,4,18422,74177,NGF1
1604876453297786007,1604876453297180571,0,1,111284,T,A,0,2859000000,2,4,18422,74177,NGZ0
1604876453298395710,1604876453297806009,0,1,111291,T,N,0,3004000000,1,4,18373,74184,NGF1
1604876453298395710,1604876453297806009,0,1,111293,T,A,0,2980000000,1,132,18373,74184,NGG1
1604876453298395710,1604876453297806009,0,1,15228,T,N,0,24000000,1,4,18373,74184,NGF1-NGG1
1604876454230288191,1604876454229644321,0,1,15228,T,N,0,24000000,1,4,18631,74228,NGF1-NGG1
1604876454230288191,1604876454229644321,0,1,111293,T,A,0,2980000000,1,132,18631,74228,NGG1
1604876454230288191,1604876454229644321,0,1,111291,T,N,0,3004000000,1,4,18631,74228,NGF1
1604876455236912063,1604876455236253477,0,1,215879,T,A,0,96000000,1,4,21723,74248,NGF1-NGH1
1604876455237614010,1604876455236951075,0,1,215879,T,N,0,96000000,1,4,19229,74250,NGF1-NGH1
1604876455237614010,1604876455236951075,0,1,111291,T,N,0,3004000000,1,4,19229,74250,NGF1
1604876455237614010,1604876455236951075,0,1,111294,T,A,0,2908000000,1,132,19229,74250,NGH1
1604876455412933117,1604876455411651969,0,1,15142,T,B,0,-120000000,3,4,22254,74274,NGZ0-NGG1
1604876455412933117,1604876455411651969,0,1,15142,T,B,0,-119000000,4,4,22254,74274,NGZ0-NGG1
1604876455413533547,1604876455412983171,0,1,15228,T,B,0,24000000,1,4,18664,74276,NGF1-NGG1
1604876455413995574,1604876455413372971,0,1,111291,T,N,0,3004000000,1,4,18855,74282,NGF1
1604876455413995574,1604876455413372971,0,1,111284,T,N,0,2860000000,1,4,18855,74282,NGZ0
1604876455413995574,1604876455413372971,0,1,51363,T,B,0,-144000000,1,132,18855,74282,NGZ0-NGF1
1604876455414965785,1604876455414450071,0,1,51363,T,B,0,-144000000,1,132,19240,74304,NGZ0-NGF1
1604876455414965785,1604876455414450071,0,1,111284,T,N,0,2860000000,1,4,19240,74304,NGZ0
1604876455414965785,1604876455414450071,0,1,111291,T,N,0,3004000000,1,4,19240,74304,NGF1
1604876455415687231,1604876455415178597,0,1,111291,T,N,0,3004000000,1,4,18628,74310,NGF1
1604876455415687231,1604876455415178597,0,1,111284,T,N,0,2860000000,1,4,18628,74310,NGZ0
1604876455415687231,1604876455415178597,0,1,51363,T,B,0,-144000000,1,132,18628,74310,NGZ0-NGF1
1604876456243174121,1604876456242462501,0,1,51363,T,N,0,-145000000,1,4,23492,74354,NGZ0-NGF1
1604876456243174121,1604876456242462501,0,1,111284,T,A,0,2859000000,1,132,23492,74354,NGZ0
1604876456243174121,1604876456242462501,0,1,111291,T,N,0,3004000000,1,4,23492,74354,NGF1
1604876456246116772,1604876456244603775,0,1,111291,T,A,0,3004000000,5,4,20127,74356,NGF1
1604876456585162435,1604876456584535331,0,1,111291,T,N,0,3004000000,2,4,19289,74377,NGF1
1604876456585162435,1604876456584535331,0,1,111284,T,A,0,2859000000,2,4,19289,74377,NGZ0
1604876456585162435,1604876456584535331,0,1,51363,T,N,0,-145000000,2,4,19289,74377,NGZ0-NGF1
1604876456588960176,1604876456588542581,0,1,111291,T,A,0,3003000000,1,4,17704,74407,NGF1
1604876456704565864,1604876456704171143,0,1,111284,T,B,0,2859000000,3,4,18305,74442,NGZ0
1604876456706136981,1604876456705771453,0,1,111284,T,A,0,2859000000,1,4,19400,74465,NGZ0
1604876458092303546,1604876458091678231,0,1,111284,T,B,0,2860000000,1,4,17971,74561,NGZ0
1604876458161662323,1604876458158631817,0,1,111284,T,B,0,2860000000,5,4,25023,74563,NGZ0
1604876458161662323,1604876458158631817,0,1,111284,T,B,0,2861000000,3,4,25023,74563,NGZ0
1604876458161662323,1604876458158631817,0,1,111284,T,B,0,2862000000,2,4,25023,74563,NGZ0
1604876458161662323,1604876458158631817,0,1,111284,T,B,0,2863000000,2,4,25023,74563,NGZ0
1604876458161662323,1604876458158631817,0,1,111284,T,B,0,2864000000,2,4,25023,74563,NGZ0
1604876458161662323,1604876458158631817,0,1,111284,T,B,0,2865000000,4,4,25023,74563,NGZ0
1604876458161662323,1604876458158631817,0,1,111284,T,B,0,2866000000,1,4,25023,74563,NGZ0
1604876458161662323,1604876458158631817,0,1,111284,T,B,0,2867000000,4,4,25023,74563,NGZ0
1604876458161662323,1604876458158631817,0,1,111291,T,N,0,3005000000,1,4,25023,74563,NGF1
1604876458161662323,1604876458158631817,0,1,111291,T,N,0,3006000000,1,4,25023,74563,NGF1
1604876458161662323,1604876458158631817,0,1,111291,T,N,0,3007000000,1,4,25023,74563,NGF1
1604876458161662323,1604876458158631817,0,1,111291,T,N,0,3009000000,1,4,25023,74563,NGF1
1604876458161662323,1604876458158631817,0,1,111291,T,N,0,3011000000,1,4,25023,74563,NGF1
1604876458161662323,1604876458158631817,0,1,51363,T,N,0,-144000000,5,4,25023,74563,NGZ0-NGF1
1604876458161662323,1604876458158631817,0,1,15142,T,N,0,-118000000,2,4,25023,74563,NGZ0-NGG1
1604876458161662323,1604876458158631817,0,1,111294,T,N,0,2909000000,1,4,25023,74563,NGH1
1604876458161662323,1604876458158631817,0,1,111294,T,N,0,2911000000,1,4,25023,74563,NGH1
1604876458161662323,1604876458158631817,0,1,111293,T,N,0,2982000000,1,4,25023,74563,NGG1
1604876458161662323,1604876458158631817,0,1,111293,T,N,0,2985000000,1,4,25023,74563,NGG1
1604876458161662323,1604876458158631817,0,1,215785,T,N,0,-46000000,2,4,25023,74563,NGZ0-NGH1
1604876458163723891,1604876458160037741,0,1,51363,T,B,0,-144000000,4,4,23507,74578,NGZ0-NGF1
1604876458163723891,1604876458160037741,0,1,51363,T,B,0,-143000000,4,4,23507,74578,NGZ0-NGF1
1604876458169231473,1604876458162179269,0,1,215879,T,B,0,97000000,1,4,17743,74695,NGF1-NGH1
1604876458169699148,1604876458162794285,0,1,15142,T,B,0,-118000000,1,4,18984,74707,NGZ0-NGG1
1604876458169699148,1604876458162794285,0,1,15142,T,B,0,-117000000,6,4,18984,74707,NGZ0-NGG1
1604876458170040103,1604876458162952059,0,1,215879,T,B,0,97000000,1,4,18098,74719,NGF1-NGH1
1604876458172103187,1604876458169000559,0,1,15228,T,B,0,25000000,1,4,20616,74774,NGF1-NGG1
1604876458173102417,1604876458169590563,0,1,15228,T,B,0,25000000,1,4,18855,74802,NGF1-NGG1
1604876458173159545,1604876458169717147,0,1,51363,T,B,0,-143000000,1,4,17213,74807,NGZ0-NGF1
1604876458174329943,1604876458170452573,0,1,51363,T,N,0,-144000000,1,4,20205,74838,NGZ0-NGF1
1604876458174329943,1604876458170452573,0,1,111291,T,N,0,3005000000,1,4,20205,74838,NGF1
1604876458174329943,1604876458170452573,0,1,111284,T,A,0,2861000000,1,4,20205,74838,NGZ0
1604876458174620086,1604876458170559063,0,1,111284,T,N,0,2860000000,1,4,18723,74845,NGZ0
1604876458174620086,1604876458170559063,0,1,15142,T,N,0,-121000000,1,4,18723,74845,NGZ0-NGG1
1604876458174620086,1604876458170559063,0,1,111293,T,B,0,2981000000,1,132,18723,74845,NGG1
1604876458174755354,1604876458170563929,0,1,111284,T,N,0,2860000000,1,4,23054,74848,NGZ0
1604876458174755354,1604876458170563929,0,1,215785,T,N,0,-49000000,1,4,23054,74848,NGZ0-NGH1
1604876458174755354,1604876458170563929,0,1,111294,T,B,0,2909000000,1,132,23054,74848,NGH1
1604876458175311777,1604876458170783087,0,1,15228,T,B,0,25000000,1,4,18312,74860,NGF1-NGG1
1604876458175471849,1604876458170913615,0,1,51363,T,B,0,-143000000,1,4,18108,74863,NGZ0-NGF1
1604876458175499952,1604876458171247215,0,1,51363,T,N,0,-144000000,1,4,17894,74865,NGZ0-NGF1
1604876458175499952,1604876458171247215,0,1,111284,T,A,0,2861000000,1,4,17894,74865,NGZ0
1604876458175499952,1604876458171247215,0,1,111291,T,N,0,3005000000,1,4,17894,74865,NGF1
1604876458175857264,1604876458171511017,0,1,15228,T,B,0,25000000,1,4,18505,74872,NGF1-NGG1
1604876458175915760,1604876458171637021,0,1,51363,T,B,0,-143000000,1,4,17170,74874,NGZ0-NGF1
1604876458176211127,1604876458171796955,0,1,111284,T,B,0,2861000000,1,4,18399,74881,NGZ0
1604876458176636998,1604876458171882905,0,1,111284,T,B,0,2861000000,1,4,18315,74890,NGZ0
1604876458176679814,1604876458171910935,0,1,111284,T,N,0,2861000000,1,4,17914,74892,NGZ0
1604876458176679814,1604876458171910935,0,1,51363,T,N,0,-144000000,1,4,17914,74892,NGZ0-NGF1
1604876458176679814,1604876458171910935,0,1,111291,T,B,0,3005000000,1,132,17914,74892,NGF1
1604876458176741962,1604876458172142781,0,1,111284,T,B,0,2861000000,1,4,19731,74895,NGZ0
1604876458178883138,1604876458175755351,0,1,215879,T,A,0,96000000,1,4,19389,74959,NGF1-NGH1
1604876459002292172,1604876459001553177,0,1,111284,T,A,0,2863000000,1,4,18730,75196,NGZ0
1604876459002751895,1604876459002367385,0,1,111284,T,A,0,2863000000,1,4,17650,75205,NGZ0
1604876459003144858,1604876459002760985,0,1,111284,T,A,0,2862000000,1,4,18263,75210,NGZ0
1604876460456172097,1604876460455384531,0,1,111284,T,B,0,2862000000,2,4,18471,75557,NGZ0
1604876463571804959,1604876463570747323,0,1,215879,T,N,0,97000000,1,4,19105,75708,NGF1-NGH1
1604876463571804959,1604876463570747323,0,1,111291,T,B,0,3006000000,1,132,19105,75708,NGF1
1604876463571804959,1604876463570747323,0,1,111294,T,N,0,2909000000,1,4,19105,75708,NGH1
1604876467055229618,1604876467054226271,0,1,215879,T,A,0,96000000,1,4,31011,75763,NGF1-NGH1
1604876468820078734,1604876468817843593,0,1,111284,T,A,0,2860000000,3,4,22707,75783,NGZ0
1604876468833685367,1604876468821771189,0,1,111284,T,A,0,2859000000,1,4,17868,75805,NGZ0
1604876468839960031,1604876468838212475,0,1,111284,T,B,0,2861000000,2,4,18847,75855,NGZ0
1604876469251765721,1604876469250956141,0,1,111284,T,B,0,2860000000,1,4,22717,75907,NGZ0
1604876470979885851,1604876470979410641,0,1,111284,T,A,0,2860000000,1,4,18818,75933,NGZ0
1604876471794439194,1604876471793916255,0,1,111284,T,B,0,2860000000,1,4,17793,75949,NGZ0
1604876471795583139,1604876471795018837,0,1,111284,T,A,0,2860000000,1,4,17655,75966,NGZ0
1604876472731162266,1604876472730749473,0,1,111284,T,B,0,2860000000,1,4,19024,76004,NGZ0
1604876472935732467,1604876472935371823,0,1,111284,T,A,0,2860000000,1,4,18286,76035,NGZ0
1604876474950046191,1604876474949018009,0,1,111284,T,N,0,2861000000,1,4,19416,76083,NGZ0
1604876474950046191,1604876474949018009,0,1,111291,T,B,0,3006000000,1,132,19416,76083,NGF1
1604876474950046191,1604876474949018009,0,1,51363,T,N,0,-145000000,1,4,19416,76083,NGZ0-NGF1
1604876475827069805,1604876475826603793,0,1,111284,T,A,0,2859000000,1,4,20947,76135,NGZ0
1604876475860754139,1604876475860273189,0,1,111284,T,B,0,2860000000,1,4,17245,76141,NGZ0
1604876477222742028,1604876477222302839,0,1,111284,T,A,0,2860000000,1,4,21103,76158,NGZ0
1604876478481582146,1604876478481108025,0,1,111284,T,A,0,2859000000,1,4,20948,76215,NGZ0
1604876478482752479,1604876478482198909,0,1,111291,T,A,0,3004000000,4,4,18101,76227,NGF1
1604876478483418370,1604876478482221439,0,1,111294,T,A,0,2907000000,1,132,19120,76233,NGH1
1604876478483418370,1604876478482221439,0,1,111293,T,N,0,2979000000,1,4,19120,76233,NGG1
1604876478483418370,1604876478482221439,0,1,215880,T,N,0,72000000,1,4,19120,76233,NGG1-NGH1
1604876478503045777,1604876478502656571,0,1,111284,T,B,0,2859000000,2,4,18006,76284,NGZ0
1604876480346795570,1604876480346351347,0,1,111284,T,B,0,2859000000,1,4,23352,76349,NGZ0
1604876481262844819,1604876481262357935,0,1,111284,T,A,0,2858000000,1,4,27366,76360,NGZ0
1604876481271901230,1604876481271043621,0,1,111294,T,A,0,2906000000,1,132,19310,76376,NGH1
1604876481271901230,1604876481271043621,0,1,111291,T,N,0,3003000000,1,4,19310,76376,NGF1
1604876481271901230,1604876481271043621,0,1,215879,T,N,0,97000000,1,4,19310,76376,NGF1-NGH1
1604876481283881822,1604876481283510491,0,1,111284,T,B,0,2858000000,2,4,18589,76482,NGZ0
1604876481383731888,1604876481383190795,0,1,111298,T,A,0,2768000000,1,132,19502,76515,NGK1
1604876481383731888,1604876481383190795,0,1,282762,T,N,0,-96000000,1,4,19502,76515,NGK1-NGU1
1604876481383731888,1604876481383190795,0,1,111305,T,N,0,2864000000,1,4,19502,76515,NGU1
1604876482755047207,1604876482753980317,0,1,111284,T,A,0,2856000000,2,4,25889,76541,NGZ0
1604876482755047207,1604876482753980317,0,1,111284,T,A,0,2855000000,2,4,25889,76541,NGZ0
1604876482755047207,1604876482753980317,0,1,111293,T,N,0,2976000000,1,4,25889,76541,NGG1
1604876482755047207,1604876482753980317,0,1,15142,T,N,0,-121000000,1,4,25889,76541,NGZ0-NGG1
1604876482756034637,1604876482755283735,0,1,111284,T,N,0,2855000000,21,4,19418,76557,NGZ0
1604876482756034637,1604876482755283735,0,1,111291,T,B,0,3000000000,21,132,19418,76557,NGF1
1604876482756034637,1604876482755283735,0,1,51363,T,N,0,-145000000,21,4,19418,76557,NGZ0-NGF1
1604876485193251338,1604876485192616605,0,1,111284,T,A,0,2856000000,1,4,19745,76774,NGZ0
1604876487621274574,1604876487620688193,0,1,111284,T,B,0,2859000000,4,4,17978,76920,NGZ0
1604876487621838493,1604876487621375285,0,1,111284,T,B,0,2859000000,4,4,18358,76923,NGZ0
1604876487622291996,1604876487621847763,0,1,111284,T,B,0,2859000000,1,4,21853,76932,NGZ0
1604876490822149728,1604876490820616365,0,1,111284,T,B,0,2860000000,1,4,23013,77014,NGZ0
1604876492222494355,1604876492222060717,0,1,111284,T,B,0,2860000000,2,4,24459,77058,NGZ0
1604876492223046518,1604876492222594575,0,1,111284,T,B,0,2860000000,3,4,23183,77064,NGZ0
1604876492226002297,1604876492224989213,0,1,111284,T,B,0,2860000000,2,4,22431,77122,NGZ0
1604876492227433342,1604876492226460717,0,1,215879,T,B,0,97000000,1,4,17924,77147,NGF1-NGH1
1604876492228020885,1604876492227480315,0,1,215879,T,B,0,97000000,1,4,18842,77158,NGF1-NGH1
1604876492491893464,1604876492491075575,0,1,111284,T,B,0,2861000000,1,4,17800,77191,NGZ0
1604876494457341915,1604876494456767685,0,1,111284,T,B,0,2861000000,1,4,17833,77234,NGZ0
1604876496827766222,1604876496826828397,0,1,215879,T,A,0,97000000,1,4,22831,77315,NGF1-NGH1
1604876497251358222,1604876497250634857,0,1,111284,T,A,0,2859000000,2,4,26240,77329,NGZ0
1604876497251358222,1604876497250634857,0,1,111284,T,A,0,2858000000,2,4,26240,77329,NGZ0
1604876502597673815,1604876502596831791,0,1,111284,T,A,0,2857000000,1,4,24011,77387,NGZ0
1604876503339897039,1604876503339422881,0,1,111291,T,B,0,3006000000,1,4,18765,77407,NGF1
1604876504201096779,1604876504200159453,0,1,62831,T,A,0,-50000000,1,4,18414,77424,NGM1-NGN1
1604876510127174902,1604876510125764653,0,1,62831,T,A,0,-50000000,1,4,23932,77502,NGM1-NGN1
1604876512740271529,1604876512739623717,0,1,111284,T,B,0,2860000000,2,4,18682,77530,NGZ0
1604876512761570040,1604876512761136339,0,1,111284,T,B,0,2861000000,1,4,17566,77568,NGZ0
1604876513787680409,1604876513787078575,0,1,111291,T,A,0,3003000000,1,4,23845,77580,NGF1
1604876514382342335,1604876514381717489,0,1,62831,T,A,0,-50000000,1,4,20976,77595,NGM1-NGN1
1604876516277567598,1604876516276791387,0,1,62831,T,A,0,-50000000,1,4,26702,77609,NGM1-NGN1
1604876519198528755,1604876519197401785,0,1,62831,T,A,0,-50000000,1,4,24241,77653,NGM1-NGN1
1604876519199826396,1604876519199195281,0,1,62831,T,B,0,-50000000,1,4,18645,77658,NGM1-NGN1
1604876520019160529,1604876520018096223,0,1,111284,T,A,0,2859000000,1,4,22884,77677,NGZ0
1604876521775301097,1604876521774670639,0,1,111284,T,B,0,2861000000,1,4,21407,77697,NGZ0
1604876521775301097,1604876521774670639,0,1,111284,T,B,0,2862000000,2,4,21407,77697,NGZ0
1604876523663068981,1604876523661422491,0,1,111305,T,N,0,2866000000,1,4,24201,77754,NGU1
1604876523663068981,1604876523661422491,0,1,111301,T,A,0,2863000000,1,132,24201,77754,NGN1
1604876523663068981,1604876523661422491,0,1,282767,T,N,0,-3000000,1,4,24201,77754,NGN1-NGU1
1604876523663665524,1604876523661449783,0,1,111293,T,A,0,2978000000,2,4,18888,77759,NGG1
1604876523663665524,1604876523661449783,0,1,111294,T,N,0,2906000000,1,4,18888,77759,NGH1
1604876523663665524,1604876523661449783,0,1,215880,T,N,0,72000000,1,4,18888,77759,NGG1-NGH1
1604876523663949487,1604876523661455453,0,1,111293,T,A,0,2978000000,1,132,23442,77764,NGG1
1604876523663949487,1604876523661455453,0,1,111296,T,N,0,2783000000,1,4,23442,77764,NGJ1
1604876523663949487,1604876523661455453,0,1,24463,T,N,0,195000000,1,4,23442,77764,NGG1-NGJ1
1604876523664344542,1604876523661460429,0,1,62635,T,A,0,-79000000,1,4,18168,77769,NGJ1-NGN1
1604876523664572506,1604876523661467009,0,1,15228,T,B,0,25000000,1,4,18064,77771,NGF1-NGG1
1604876523664814361,1604876523661470749,0,1,24463,T,A,0,195000000,2,4,19925,77773,NGG1-NGJ1
1604876523665018253,1604876523661475003,0,1,111298,T,A,0,2770000000,1,4,17734,77775,NGK1
1604876523665356920,1604876523661484271,0,1,111284,T,A,0,2859000000,1,4,18301,77780,NGZ0
1604876523666381598,1604876523664582297,0,1,15228,T,B,0,25000000,7,4,20292,77798,NGF1-NGG1
1604876524763369282,1604876524761379435,0,1,15228,T,B,0,25000000,2,4,18632,77970,NGF1-NGG1
1604876528636387429,1604876528634713129,0,1,111284,T,A,0,2859000000,2,4,19321,78032,NGZ0
1604876530392205693,1604876530391030789,0,1,111284,T,A,0,2860000000,1,4,18384,78132,NGZ0
1604876530463743579,1604876530463223875,0,1,111284,T,A,0,2860000000,1,4,18233,78150,NGZ0
1604876530569907445,1604876530569538475,0,1,111284,T,A,0,2859000000,1,4,18170,78162,NGZ0
1604876530628456664,1604876530627953321,0,1,111284,T,A,0,2859000000,1,4,18323,78166,NGZ0
1604876530687209510,1604876530686833739,0,1,111284,T,A,0,2859000000,1,4,18463,78170,NGZ0
1604876530710190222,1604876530709806241,0,1,111284,T,A,0,2860000000,4,4,18799,78235,NGZ0
1604876531380695659,1604876531380158387,0,1,111284,T,B,0,2861000000,1,4,17982,78267,NGZ0
1604876534598154216,1604876534596758731,0,1,28203,T,B,0,12000000,16,4,19244,78336,NGZ0-HHZ0
1604876536236847780,1604876536236154057,0,1,111284,T,A,0,2859000000,3,4,20915,78423,NGZ0
1604876537074291597,1604876537073758117,0,1,111284,T,A,0,2859000000,1,4,18246,78448,NGZ0
1604876538118737376,1604876538118329555,0,1,111284,T,A,0,2859000000,1,4,20714,78469,NGZ0
1604876538928186584,1604876538927743465,0,1,111284,T,B,0,2861000000,2,4,19493,78489,NGZ0
1604876540023378060,1604876540022930585,0,1,111284,T,B,0,2861000000,1,4,26137,78501,NGZ0
1604876540118080889,1604876540117677935,0,1,111284,T,B,0,2862000000,1,4,18028,78543,NGZ0
1604876540118552116,1604876540118164449,0,1,111284,T,B,0,2862000000,2,4,19548,78549,NGZ0
1604876540120626684,1604876540120239019,0,1,111284,T,B,0,2862000000,2,4,17637,78564,NGZ0
1604876541138916972,1604876541138464369,0,1,111284,T,B,0,2865000000,3,4,18354,78760,NGZ0
1604876542161067884,1604876542160589189,0,1,111284,T,A,0,2862000000,1,4,24138,78786,NGZ0
1604876543409715917,1604876543408867591,0,1,111294,T,N,0,2912000000,1,4,19060,78796,NGH1
1604876543409715917,1604876543408867591,0,1,111291,T,B,0,3010000000,1,132,19060,78796,NGF1
1604876543409715917,1604876543408867591,0,1,215879,T,N,0,98000000,1,4,19060,78796,NGF1-NGH1
1604876547305607223,1604876547305137083,0,1,111284,T,A,0,2862000000,1,4,17929,78865,NGZ0
1604876547354642845,1604876547354267977,0,1,111284,T,A,0,2862000000,1,4,17501,78868,NGZ0
1604876547356268578,1604876547355242923,0,1,111284,T,B,0,2862000000,2,4,18866,78897,NGZ0
1604876551184776977,1604876551183429115,0,1,111294,T,N,0,2909000000,1,4,24027,79098,NGH1
1604876551184776977,1604876551183429115,0,1,111296,T,N,0,2788000000,1,4,24027,79098,NGJ1
1604876551184776977,1604876551183429115,0,1,24512,T,A,0,121000000,1,132,24027,79098,NGH1-NGJ1
1604876551588444577,1604876551587772689,0,1,111284,T,A,0,2863000000,2,4,19440,79135,NGZ0
1604876551588444577,1604876551587772689,0,1,111284,T,A,0,2862000000,1,4,19440,79135,NGZ0
1604876551590675309,1604876551590164967,0,1,111284,T,A,0,2862000000,4,4,20602,79158,NGZ0
1604876551591378331,1604876551590684175,0,1,111284,T,A,0,2861000000,1,4,19550,79174,NGZ0
1604876551608696590,1604876551608342097,0,1,111284,T,B,0,2863000000,2,4,18074,79201,NGZ0
1604876552358330861,1604876552357441045,0,1,111284,T,A,0,2860000000,1,4,18683,79235,NGZ0
1604876555384400975,1604876555383958779,0,1,111284,T,A,0,2862000000,1,4,18757,79308,NGZ0
1604876558288860029,1604876558287976495,0,1,111296,T,N,0,2788000000,1,4,19286,79368,NGJ1
1604876558288860029,1604876558287976495,0,1,111291,T,N,0,3004000000,1,4,19286,79368,NGF1
1604876558288860029,1604876558287976495,0,1,24441,T,A,0,216000000,1,132,19286,79368,NGF1-NGJ1
1604876560263163161,1604876560260200911,0,1,111294,T,N,0,2908000000,1,4,19077,79517,NGH1
1604876560263163161,1604876560260200911,0,1,61550,T,N,0,15000000,1,4,19077,79517,NGH1-HHH1
1604876560540270674,1604876560539861449,0,1,111284,T,A,0,2860000000,1,4,17872,79541,NGZ0
1604876561396608838,1604876561395930075,0,1,111284,T,B,0,2860000000,5,4,23204,79558,NGZ0
1604876561396826229,1604876561395932571,0,1,111284,T,A,0,2859000000,2,4,19010,79561,NGZ0
1604876562844471125,1604876562844021521,0,1,111284,T,B,0,2862000000,1,4,24458,79621,NGZ0
1604876563960576571,1604876563960000611,0,1,111284,T,B,0,2860000000,1,4,17421,79634,NGZ0
1604876563960730279,1604876563960002907,0,1,111284,T,B,0,2860000000,1,4,18228,79637,NGZ0
1604876568102751831,1604876568098593473,0,1,111284,T,A,0,2859000000,3,4,21099,79675,NGZ0
1604876568102751831,1604876568098593473,0,1,111284,T,A,0,2858000000,3,4,21099,79675,NGZ0
1604876568102751831,1604876568098593473,0,1,111284,T,A,0,2857000000,1,4,21099,79675,NGZ0
1604876568102751831,1604876568098593473,0,1,111291,T,N,0,3003000000,1,4,21099,79675,NGF1
1604876568102751831,1604876568098593473,0,1,51363,T,N,0,-145000000,1,4,21099,79675,NGZ0-NGF1
1604876568102761815,1604876568098593473,0,1,51363,T,N,0,-145000000,1,4,17968,79676,NGZ0-NGF1
1604876568102761815,1604876568098593473,0,1,111291,T,N,0,3001000000,1,4,17968,79676,NGF1
1604876568102761815,1604876568098593473,0,1,111284,T,A,0,2856000000,1,4,17968,79676,NGZ0
1604876568105941005,1604876568103258461,0,1,111294,T,A,0,2905000000,1,4,18724,79716,NGH1
1604876568107459458,1604876568103833035,0,1,111284,T,B,0,2857000000,6,4,17681,79755,NGZ0
1604876568122063113,1604876568121435859,0,1,111284,T,N,0,2857000000,1,4,19217,79809,NGZ0
1604876568122063113,1604876568121435859,0,1,111291,T,B,0,3002000000,1,132,19217,79809,NGF1
1604876568122063113,1604876568121435859,0,1,51363,T,N,0,-145000000,1,4,19217,79809,NGZ0-NGF1
1604876568785375947,1604876568784647203,0,1,215879,T,A,0,97000000,1,4,18801,79839,NGF1-NGH1
1604876569112183654,1604876569110875569,0,1,51363,T,B,0,-144000000,4,4,23869,79852,NGZ0-NGF1
1604876569820805992,1604876569820107579,0,1,111284,T,A,0,2856000000,1,4,18009,79910,NGZ0
1604876570946803214,1604876570945871197,0,1,111284,T,A,0,2855000000,1,132,25124,79927,NGZ0
1604876570946803214,1604876570945871197,0,1,51363,T,N,0,-145000000,1,4,25124,79927,NGZ0-NGF1
1604876570946803214,1604876570945871197,0,1,111291,T,N,0,3000000000,1,4,25124,79927,NGF1
1604876573173152976,1604876573170520701,0,1,111291,T,N,0,3000000000,11,4,21542,79962,NGF1
1604876573173152976,1604876573170520701,0,1,51363,T,N,0,-145000000,11,4,21542,79962,NGZ0-NGF1
1604876573173152976,1604876573170520701,0,1,111284,T,A,0,2855000000,11,132,21542,79962,NGZ0
1604876573202477202,1604876573201938205,0,1,111284,T,A,0,2855000000,1,4,18468,80086,NGZ0
1604876573522068869,1604876573520849191,0,1,215880,T,B,0,73000000,8,4,18270,80123,NGG1-NGH1
1604876573523173887,1604876573522583381,0,1,215879,T,B,0,98000000,1,4,18162,80155,NGF1-NGH1
1604876573676892608,1604876573676507533,0,1,111284,T,A,0,2855000000,1,4,17692,80184,NGZ0
1604876577512263637,1604876577510891057,0,1,111284,T,A,0,2855000000,4,4,19380,80225,NGZ0
1604876577512263637,1604876577510891057,0,1,51363,T,N,0,-145000000,3,4,19380,80225,NGZ0-NGF1
1604876577512263637,1604876577510891057,0,1,111291,T,N,0,3000000000,3,4,19380,80225,NGF1
1604876578312683082,1604876578312223971,0,1,111284,T,A,0,2856000000,1,4,18035,80247,NGZ0
1604876578724819828,1604876578724084691,0,1,111284,T,A,0,2855000000,2,4,18883,80268,NGZ0
1604876578724819828,1604876578724084691,0,1,111291,T,N,0,3000000000,2,4,18883,80268,NGF1
1604876578724819828,1604876578724084691,0,1,51363,T,N,0,-145000000,2,4,18883,80268,NGZ0-NGF1
1604876580430053920,1604876580429260977,0,1,111284,T,A,0,2856000000,1,4,22967,80288,NGZ0
1604876581893645195,1604876581892456375,0,1,282767,T,A,0,-3000000,2,4,26678,80319,NGN1-NGU1
1604876581893925551,1604876581892472335,0,1,282784,T,B,0,11000000,2,4,18459,80321,NGQ1-NGU1
1604876584704898439,1604876584704429925,0,1,111284,T,B,0,2858000000,1,4,17514,80372,NGZ0
1604876584705750329,1604876584705235735,0,1,111284,T,B,0,2858000000,1,4,17622,80378,NGZ0
1604876584708947107,1604876584707833715,0,1,111284,T,A,0,2859000000,1,4,18903,80453,NGZ0
1604876587237511600,1604876587236795001,0,1,111291,T,A,0,3000000000,5,4,19400,80562,NGF1
1604876592237915157,1604876592237274789,0,1,111284,T,A,0,2855000000,1,4,25893,81092,NGZ0
1604876602312387357,1604876602310885153,0,1,111284,T,A,0,2857000000,1,4,22938,81351,NGZ0
1604876603022288839,1604876603021164917,0,1,111284,T,B,0,2858000000,1,4,17787,81381,NGZ0
1604876603023478269,1604876603023088991,0,1,111284,T,B,0,2858000000,3,4,17928,81399,NGZ0
1604876605818975573,1604876605818587557,0,1,111293,T,B,0,2978000000,1,4,18285,81605,NGG1
1604876605845727690,1604876605845275595,0,1,111293,T,A,0,2977000000,1,4,18313,81712,NGG1
1604876605847116003,1604876605846760623,0,1,111298,T,A,0,2768000000,1,4,17733,81719,NGK1
1604876611583469985,1604876611582737893,0,1,111284,T,B,0,2859000000,2,4,18164,81868,NGZ0
1604876611583957692,1604876611583568543,0,1,111284,T,B,0,2859000000,1,4,19072,81870,NGZ0
1604876611584529095,1604876611584003575,0,1,111284,T,B,0,2859000000,2,4,18351,81879,NGZ0
1604876611585692357,1604876611584821851,0,1,111291,T,B,0,3004000000,1,4,18445,81903,NGF1
1604876611586418299,1604876611585704215,0,1,111293,T,B,0,2979000000,1,4,22514,81919,NGG1
1604876611586581415,1604876611585823655,0,1,111284,T,B,0,2860000000,1,4,18669,81923,NGZ0
1604876611610433642,1604876611609922827,0,1,111293,T,A,0,2977000000,2,4,18109,82016,NGG1
1604876611614618961,1604876611614267409,0,1,111294,T,B,0,2906000000,1,4,17553,82169,NGH1
1604876611635272726,1604876611634439193,0,1,111284,T,N,0,2860000000,1,4,18945,82461,NGZ0
1604876611635272726,1604876611634439193,0,1,111291,T,B,0,3005000000,1,132,18945,82461,NGF1
1604876611635272726,1604876611634439193,0,1,51363,T,N,0,-145000000,1,4,18945,82461,NGZ0-NGF1
1604876611860010163,1604876611859330229,0,1,51363,T,A,0,-145000000,15,4,18884,82582,NGZ0-NGF1
1604876611860901721,1604876611860229529,0,1,51363,T,A,0,-145000000,19,4,19946,82585,NGZ0-NGF1
1604876619045569967,1604876619043940463,0,1,51363,T,A,0,-145000000,1,4,18920,82693,NGZ0-NGF1
1604876619633537745,1604876619632904529,0,1,111284,T,B,0,2862000000,2,4,18270,83140,NGZ0
1604876624735502286,1604876624734599889,0,1,111284,T,B,0,2863000000,1,4,22745,83335,NGZ0
1604876632030081881,1604876632029574483,0,1,111284,T,B,0,2864000000,1,4,17807,83701,NGZ0
1604876636246804873,1604876636246382765,0,1,111284,T,A,0,2864000000,1,4,24301,83873,NGZ0
1604876636910481178,1604876636910031327,0,1,111284,T,A,0,2863000000,1,4,20832,83920,NGZ0
1604876639751892096,1604876639751202613,0,1,111284,T,B,0,2865000000,1,4,18203,83973,NGZ0
1604876640930274080,1604876640929526389,0,1,111284,T,B,0,2864000000,1,4,18227,84035,NGZ0
1604876641245047139,1604876641244277715,0,1,111284,T,A,0,2863000000,2,4,23696,84082,NGZ0
1604876642251017102,1604876642250481769,0,1,111284,T,A,0,2862000000,1,4,18111,84233,NGZ0
1604876644352087942,1604876644351329305,0,1,111284,T,A,0,2861000000,1,4,24994,84401,NGZ0
1604876668053481932,1604876668052589587,0,1,111284,T,A,0,2863000000,1,4,23914,84797,NGZ0
1604876672094494917,1604876672093562781,0,1,111284,T,A,0,2863000000,2,4,19971,84836,NGZ0
1604876672096212182,1604876672095805161,0,1,111284,T,A,0,2863000000,1,4,18540,84851,NGZ0
1604876672910876428,1604876672910390801,0,1,111284,T,A,0,2863000000,1,4,21156,84896,NGZ0
1604876673946246800,1604876673945708461,0,1,111284,T,A,0,2863000000,1,4,27294,84918,NGZ0
1604876677562846209,1604876677562427499,0,1,111284,T,A,0,2863000000,1,4,30896,85012,NGZ0
1604876677589021072,1604876677588568539,0,1,111284,T,A,0,2863000000,1,4,18110,85025,NGZ0
1604876677589455391,1604876677589075283,0,1,111284,T,A,0,2863000000,2,4,17396,85028,NGZ0
1604876686637440508,1604876686636251249,0,1,111296,T,B,0,2788000000,1,4,26905,85171,NGJ1
1604876688207779990,1604876688207049527,0,1,111284,T,A,0,2863000000,1,4,18104,85253,NGZ0
1604876688235866849,1604876688235339977,0,1,111284,T,A,0,2863000000,1,4,17814,85265,NGZ0
1604876688236266112,1604876688235878251,0,1,111284,T,A,0,2863000000,1,4,18108,85269,NGZ0
1604876695561758279,1604876695561161585,0,1,111291,T,A,0,3007000000,1,4,25145,85382,NGF1
1604876696363917375,1604876696355441973,0,1,111291,T,A,0,3007000000,2,4,30060,85393,NGF1
1604876696363917375,1604876696355441973,0,1,111291,T,A,0,3006000000,4,4,30060,85393,NGF1
1604876696363917375,1604876696355441973,0,1,111291,T,A,0,3005000000,7,4,30060,85393,NGF1
1604876696363917375,1604876696355441973,0,1,111291,T,A,0,3004000000,8,4,30060,85393,NGF1
1604876696363917375,1604876696355441973,0,1,111291,T,A,0,3003000000,8,4,30060,85393,NGF1
1604876696363917375,1604876696355441973,0,1,111291,T,A,0,3002000000,5,4,30060,85393,NGF1
1604876696363917375,1604876696355441973,0,1,111291,T,A,0,3001000000,8,4,30060,85393,NGF1
1604876696363917375,1604876696355441973,0,1,111284,T,N,0,2862000000,2,4,30060,85393,NGZ0
1604876696363917375,1604876696355441973,0,1,111284,T,N,0,2861000000,4,4,30060,85393,NGZ0
1604876696363917375,1604876696355441973,0,1,111284,T,N,0,2860000000,1,4,30060,85393,NGZ0
1604876696363917375,1604876696355441973,0,1,111284,T,N,0,2859000000,5,4,30060,85393,NGZ0
1604876696363917375,1604876696355441973,0,1,111284,T,N,0,2858000000,2,4,30060,85393,NGZ0
1604876696363917375,1604876696355441973,0,1,111296,T,N,0,2785000000,1,4,30060,85393,NGJ1
1604876696363917375,1604876696355441973,0,1,111296,T,N,0,2783000000,2,4,30060,85393,NGJ1
1604876696363917375,1604876696355441973,0,1,51363,T,N,0,-144000000,19,4,30060,85393,NGZ0-NGF1
1604876696363917375,1604876696355441973,0,1,111294,T,N,0,2909000000,1,4,30060,85393,NGH1
1604876696363917375,1604876696355441973,0,1,111294,T,N,0,2907000000,1,4,30060,85393,NGH1
1604876696363917375,1604876696355441973,0,1,111294,T,N,0,2906000000,1,4,30060,85393,NGH1
1604876696363917375,1604876696355441973,0,1,111293,T,N,0,2983000000,1,4,30060,85393,NGG1
1604876696363917375,1604876696355441973,0,1,111293,T,N,0,2982000000,1,4,30060,85393,NGG1
1604876696363917375,1604876696355441973,0,1,111293,T,N,0,2981000000,1,4,30060,85393,NGG1
1604876696363917375,1604876696355441973,0,1,111293,T,N,0,2980000000,3,4,30060,85393,NGG1
1604876696363917375,1604876696355441973,0,1,111293,T,N,0,2978000000,1,4,30060,85393,NGG1
1604876696363917375,1604876696355441973,0,1,111298,T,N,0,2772000000,1,4,30060,85393,NGK1
1604876696363917375,1604876696355441973,0,1,111298,T,N,0,2771000000,1,4,30060,85393,NGK1
1604876696363917375,1604876696355441973,0,1,111298,T,N,0,2770000000,1,4,30060,85393,NGK1
1604876696363917375,1604876696355441973,0,1,215879,T,N,0,98000000,1,4,30060,85393,NGF1-NGH1
1604876696363917375,1604876696355441973,0,1,215879,T,N,0,97000000,3,4,30060,85393,NGF1-NGH1
1604876696363917375,1604876696355441973,0,1,24441,T,N,0,219000000,2,4,30060,85393,NGF1-NGJ1
1604876696363917375,1604876696355441973,0,1,15228,T,N,0,24000000,13,4,30060,85393,NGF1-NGG1
1604876696363917375,1604876696355441973,0,1,204941,T,N,0,233000000,3,4,30060,85393,NGF1-NGK1
1604876696363940299,1604876696355441973,0,1,204941,T,N,0,232000000,3,4,22833,85394,NGF1-NGK1
1604876696363940299,1604876696355441973,0,1,24441,T,N,0,215000000,1,4,22833,85394,NGF1-NGJ1
1604876696363940299,1604876696355441973,0,1,111298,T,N,0,2769000000,1,4,22833,85394,NGK1
1604876696363940299,1604876696355441973,0,1,111298,T,N,0,2768000000,1,4,22833,85394,NGK1
1604876696363940299,1604876696355441973,0,1,111298,T,N,0,2766000000,1,4,22833,85394,NGK1
1604876696363940299,1604876696355441973,0,1,111293,T,N,0,2977000000,2,4,22833,85394,NGG1
1604876696363940299,1604876696355441973,0,1,111293,T,N,0,2976000000,1,4,22833,85394,NGG1
1604876696363940299,1604876696355441973,0,1,111293,T,N,0,2975000000,1,4,22833,85394,NGG1
1604876696363940299,1604876696355441973,0,1,111293,T,N,0,2974000000,2,4,22833,85394,NGG1
1604876696363940299,1604876696355441973,0,1,111294,T,N,0,2903000000,1,4,22833,85394,NGH1
1604876696363940299,1604876696355441973,0,1,51363,T,N,0,-143000000,5,4,22833,85394,NGZ0-NGF1
1604876696363940299,1604876696355441973,0,1,111284,T,N,0,2857000000,4,4,22833,85394,NGZ0
1604876696363940299,1604876696355441973,0,1,111284,T,N,0,2856000000,3,4,22833,85394,NGZ0
1604876696363940299,1604876696355441973,0,1,111284,T,N,0,2855000000,3,4,22833,85394,NGZ0
1604876696363940299,1604876696355441973,0,1,111291,T,A,0,3000000000,44,4,22833,85394,NGF1
1604876696363940299,1604876696355441973,0,1,111291,T,A,0,2999000000,6,4,22833,85394,NGF1
1604876696363940299,1604876696355441973,0,1,111291,T,A,0,2998000000,11,4,22833,85394,NGF1
1604876696363940299,1604876696355441973,0,1,111301,T,N,0,2861000000,1,4,22833,85394,NGN1
1604876696363940299,1604876696355441973,0,1,111305,T,N,0,2863000000,1,4,22833,85394,NGU1
1604876696363940299,1604876696355441973,0,1,111305,T,N,0,2862000000,1,4,22833,85394,NGU1
1604876696363940299,1604876696355441973,0,1,111299,T,N,0,2811000000,1,4,22833,85394,NGM1
1604876696363940299,1604876696355441973,0,1,111299,T,N,0,2810000000,1,4,22833,85394,NGM1
1604876696363940299,1604876696355441973,0,1,121167,T,N,0,188000000,2,4,22833,85394,NGF1-NGM1
1604876696363940299,1604876696355441973,0,1,63796,T,N,0,137000000,1,4,22833,85394,NGF1-NGN1
1604876696363940299,1604876696355441973,0,1,282757,T,N,0,136000000,2,4,22833,85394,NGF1-NGU1
1604876696368691102,1604876696363916635,0,1,24463,T,A,0,195000000,2,4,19230,85425,NGG1-NGJ1
1604876696368742650,1604876696363919251,0,1,24463,T,A,0,195000000,2,4,21216,85429,NGG1-NGJ1
1604876696368996873,1604876696363928587,0,1,204979,T,B,0,14000000,1,4,19006,85437,NGJ1-NGK1
1604876696368996873,1604876696363927275,0,1,121372,T,B,0,-41000000,1,4,19006,85437,NGK1-NGM1
1604876696373656964,1604876696364142365,0,1,215880,T,A,0,73000000,2,4,19146,85610,NGG1-NGH1
1604876696374231850,1604876696364952505,0,1,111291,T,N,0,2998000000,6,4,17724,85643,NGF1
1604876696374231850,1604876696364952505,0,1,111284,T,B,0,2855000000,6,132,17724,85643,NGZ0
1604876696374231850,1604876696364952505,0,1,51363,T,N,0,-143000000,6,4,17724,85643,NGZ0-NGF1
1604876696376596622,1604876696367598749,0,1,51363,T,N,0,-143000000,2,4,27124,85689,NGZ0-NGF1
1604876696376596622,1604876696367598749,0,1,111284,T,B,0,2855000000,2,132,27124,85689,NGZ0
1604876696376596622,1604876696367598749,0,1,111291,T,N,0,2998000000,2,4,27124,85689,NGF1
1604876696380391078,1604876696367807939,0,1,111291,T,N,0,2998000000,1,4,18612,85767,NGF1
1604876696380391078,1604876696367807939,0,1,24441,T,B,0,217000000,1,132,18612,85767,NGF1-NGJ1
1604876696380391078,1604876696367807939,0,1,111296,T,N,0,2781000000,1,4,18612,85767,NGJ1
1604876696380688049,1604876696367811755,0,1,215880,T,A,0,73000000,3,4,19608,85772,NGG1-NGH1
1604876696380706421,1604876696367826313,0,1,111291,T,B,0,2998000000,2,4,18302,85773,NGF1
1604876696382980261,1604876696369063615,0,1,215880,T,A,0,73000000,2,4,17835,85814,NGG1-NGH1
1604876696385478612,1604876696372522817,0,1,111291,T,N,0,2998000000,1,4,19556,85896,NGF1
1604876696385478612,1604876696372522817,0,1,111284,T,B,0,2855000000,1,132,19556,85896,NGZ0
1604876696385478612,1604876696372522817,0,1,51363,T,N,0,-143000000,1,4,19556,85896,NGZ0-NGF1
1604876696385781455,1604876696372706599,0,1,111291,T,B,0,2998000000,5,4,18704,85902,NGF1
1604876696387680531,1604876696375796683,0,1,24463,T,A,0,195000000,1,4,19464,85958,NGG1-NGJ1
1604876696390728457,1604876696380637951,0,1,111291,T,N,0,2998000000,1,4,18489,86051,NGF1
1604876696390728457,1604876696380637951,0,1,51363,T,N,0,-143000000,1,4,18489,86051,NGZ0-NGF1
1604876696390728457,1604876696380637951,0,1,111284,T,B,0,2855000000,1,132,18489,86051,NGZ0
1604876696392257082,1604876696382984669,0,1,111284,T,B,0,2855000000,1,132,18140,86092,NGZ0
1604876696392257082,1604876696382984669,0,1,51363,T,N,0,-143000000,1,4,18140,86092,NGZ0-NGF1
1604876696392257082,1604876696382984669,0,1,111291,T,N,0,2998000000,1,4,18140,86092,NGF1
1604876696393034860,1604876696383146509,0,1,111296,T,A,0,2780000000,1,4,18383,86111,NGJ1
1604876696393214176,1604876696383230753,0,1,24463,T,A,0,195000000,1,4,19851,86116,NGG1-NGJ1
1604876696395481776,1604876696387749985,0,1,24463,T,A,0,195000000,2,4,18798,86184,NGG1-NGJ1
1604876696399236112,1604876696398276821,0,1,24463,T,A,0,195000000,2,4,23231,86318,NGG1-NGJ1
1604876696399394740,1604876696398502357,0,1,111284,T,A,0,2853000000,1,4,17786,86321,NGZ0
1604876696399408000,1604876696398502357,0,1,111284,T,A,0,2852000000,12,4,20207,86322,NGZ0
1604876696399408000,1604876696398502357,0,1,111291,T,N,0,2997000000,5,4,20207,86322,NGF1
1604876696399408000,1604876696398502357,0,1,51363,T,N,0,-145000000,5,4,20207,86322,NGZ0-NGF1
1604876696400711489,1604876696399421155,0,1,111291,T,A,0,2997000000,5,4,18406,86343,NGF1
1604876696402681437,1604876696400679543,0,1,111291,T,A,0,2997000000,3,4,23286,86383,NGF1
1604876696403713339,1604876696402335397,0,1,111291,T,N,0,2997000000,1,4,17510,86403,NGF1
1604876696403713339,1604876696402335397,0,1,51363,T,B,0,-144000000,1,132,17510,86403,NGZ0-NGF1
1604876696403713339,1604876696402335397,0,1,111284,T,N,0,2853000000,1,4,17510,86403,NGZ0
1604876696404085282,1604876696402883969,0,1,111291,T,A,0,2997000000,1,4,18914,86412,NGF1
1604876696405355355,1604876696403239823,0,1,24463,T,N,0,195000000,1,4,19483,86440,NGG1-NGJ1
1604876696405355355,1604876696403239823,0,1,111296,T,B,0,2778000000,1,132,19483,86440,NGJ1
1604876696405355355,1604876696403239823,0,1,111293,T,N,0,2973000000,1,4,19483,86440,NGG1
1604876696405543459,1604876696403243251,0,1,282767,T,A,0,-3000000,1,4,19668,86445,NGN1-NGU1
1604876696406602037,1604876696404951379,0,1,111291,T,A,0,2997000000,4,4,19319,86481,NGF1
1604876696406722997,1604876696404993131,0,1,111284,T,B,0,2853000000,1,4,17602,86484,NGZ0
1604876696406913136,1604876696405055777,0,1,24463,T,A,0,195000000,2,4,17702,86489,NGG1-NGJ1
1604876696407727287,1604876696406725035,0,1,111291,T,A,0,2997000000,1,4,18993,86521,NGF1
1604876696408486209,1604876696407936669,0,1,111284,T,B,0,2854000000,1,4,24045,86554,NGZ0
1604876696433169467,1604876696432534777,0,1,282767,T,A,0,-3000000,5,4,18357,86743,NGN1-NGU1
1604876696433279191,1604876696432537719,0,1,111291,T,B,0,2998000000,2,4,17620,86745,NGF1
1604876696433546935,1604876696432541735,0,1,24463,T,A,0,195000000,2,4,17735,86747,NGG1-NGJ1
1604876696435144567,1604876696432718747,0,1,209631,T,A,0,-81000000,3,4,20820,86799,NGV1-NGX1
1604876696442802688,1604876696442331373,0,1,24463,T,A,0,195000000,1,4,18401,86914,NGG1-NGJ1
1604876700072490196,1604876700071799413,0,1,111284,T,B,0,2854000000,1,4,17890,87390,NGZ0
1604876700074357272,1604876700073280111,0,1,111284,T,A,0,2854000000,2,4,24810,87449,NGZ0
1604876700074795031,1604876700073824927,0,1,111291,T,N,0,2998000000,2,4,18559,87460,NGF1
1604876700074795031,1604876700073824927,0,1,111293,T,B,0,2974000000,2,132,18559,87460,NGG1
1604876700074795031,1604876700073824927,0,1,15228,T,N,0,24000000,2,4,18559,87460,NGF1-NGG1
1604876700076278024,1604876700074916475,0,1,111291,T,B,0,2998000000,6,4,18592,87482,NGF1
1604876700113354074,1604876700112695865,0,1,111291,T,N,0,2998000000,1,4,18689,87536,NGF1
1604876700113354074,1604876700112695865,0,1,111284,T,N,0,2854000000,1,4,18689,87536,NGZ0
1604876700113354074,1604876700112695865,0,1,51363,T,A,0,-144000000,1,132,18689,87536,NGZ0-NGF1
1604876700135957444,1604876700135016993,0,1,111291,T,B,0,2998000000,1,4,18100,87561,NGF1
1604876700136302091,1604876700135967047,0,1,111291,T,B,0,2998000000,1,4,18734,87563,NGF1
1604876700136451911,1604876700136006311,0,1,111291,T,B,0,2998000000,2,4,17501,87565,NGF1
1604876700440236826,1604876700439156867,0,1,111291,T,N,0,2998000000,1,4,19740,87642,NGF1
1604876700440236826,1604876700439156867,0,1,51363,T,N,0,-143000000,1,4,19740,87642,NGZ0-NGF1
1604876700440236826,1604876700439156867,0,1,111284,T,B,0,2855000000,2,4,19740,87642,NGZ0
1604876700440794921,1604876700440416619,0,1,111291,T,B,0,2998000000,3,4,18015,87650,NGF1
1604876700441625335,1604876700441228405,0,1,111299,T,B,0,2809000000,1,4,18047,87657,NGM1
1604876700441793474,1604876700441240415,0,1,111291,T,B,0,2998000000,8,4,21103,87661,NGF1
1604876700443480663,1604876700441609077,0,1,111291,T,B,0,2998000000,1,4,21745,87692,NGF1
1604876700443570759,1604876700441610009,0,1,24463,T,A,0,195000000,1,4,17571,87694,NGG1-NGJ1
1604876700443921370,1604876700441672899,0,1,24463,T,A,0,195000000,1,4,18183,87716,NGG1-NGJ1
1604876700444273881,1604876700443176963,0,1,111291,T,B,0,2998000000,1,4,26697,87726,NGF1
1604876700951631990,1604876700950440869,0,1,111291,T,N,0,2998000000,4,4,19678,87974,NGF1
1604876700951631990,1604876700950440869,0,1,111284,T,B,0,2855000000,4,132,19678,87974,NGZ0
1604876700951631990,1604876700950440869,0,1,51363,T,N,0,-143000000,4,4,19678,87974,NGZ0-NGF1
1604876704008051969,1604876704007140055,0,1,158336,T,A,0,-145000000,1,4,23875,88096,NGX1-NGZ1
1604876704010938803,1604876704010364457,0,1,158336,T,B,0,-145000000,1,4,18568,88117,NGX1-NGZ1
1604876704738058660,1604876704737614885,0,1,111284,T,B,0,2855000000,1,4,23420,88156,NGZ0
1604876705972066935,1604876705971528545,0,1,111291,T,B,0,2998000000,7,4,20833,88223,NGF1
1604876705972571774,1604876705971647457,0,1,111291,T,N,0,2998000000,2,4,20871,88225,NGF1
1604876705972571774,1604876705971647457,0,1,111284,T,B,0,2855000000,2,132,20871,88225,NGZ0
1604876705972571774,1604876705971647457,0,1,51363,T,N,0,-143000000,2,4,20871,88225,NGZ0-NGF1
1604876705973418756,1604876705972716027,0,1,51363,T,N,0,-143000000,2,4,19966,88239,NGZ0-NGF1
1604876705973418756,1604876705972716027,0,1,111284,T,B,0,2855000000,2,132,19966,88239,NGZ0
1604876705973418756,1604876705972716027,0,1,111291,T,N,0,2998000000,2,4,19966,88239,NGF1
1604876705977355880,1604876705976976573,0,1,111291,T,B,0,2998000000,1,4,17827,88269,NGF1
1604876705977605716,1604876705976982213,0,1,111311,T,A,0,2901000000,1,4,18703,88271,NGV1
1604876706080131385,1604876706079747275,0,1,111291,T,B,0,2998000000,1,4,17669,88331,NGF1
1604876706080292424,1604876706079751611,0,1,111311,T,A,0,2901000000,1,4,17606,88333,NGV1
1604876706417080665,1604876706408682347,0,1,111291,T,B,0,2998000000,1,4,19912,88396,NGF1
1604876709842939286,1604876709842107333,0,1,51363,T,A,0,-144000000,1,4,18191,88723,NGZ0-NGF1
1604876710003796825,1604876710003186591,0,1,215785,T,B,0,-47000000,1,4,18092,88759,NGZ0-NGH1
1604876710266317895,1604876710265892989,0,1,111291,T,B,0,2998000000,1,4,19476,88926,NGF1
