ts_recv,ts_event,rtype,publisher_id,instrument_id,action,side,depth,price,size,flags,ts_in_delta,sequence,symbol
1605481200325164229,1605481200000000000,0,1,111291,T,N,0,3008000000,38,4,21191,59292,NGF1
1605481200327803436,1605481200000000000,0,1,15228,T,N,0,34000000,28,4,20814,59293,NGF1-NGG1
1605481200328182224,1605481200000000000,0,1,215879,T,N,0,109000000,7,4,20460,59294,NGF1-NGH1
1605481200330752175,1605481200000000000,0,1,24441,T,N,0,222000000,4,4,20247,59295,NGF1-NGJ1
1605481200332254084,1605481200000000000,0,1,160856,T,N,0,-88000000,1,4,19432,59296,NGF1-NGZ1
1605481200332715843,1605481200000000000,0,1,111293,T,N,0,2979000000,26,4,19739,59297,NGG1
1605481200333702541,1605481200000000000,0,1,215880,T,N,0,76000000,38,4,20655,59298,NGG1-NGH1
1605481200337474023,1605481200000000000,0,1,111294,T,N,0,2899000000,10,4,20132,59299,NGH1
1605481200337990082,1605481200000000000,0,1,24512,T,N,0,109000000,45,4,21599,59300,NGH1-NGJ1
1605481200343966122,1605481200000000000,0,1,19054,T,N,0,-425000000,25,4,22342,59301,NGJ1-NGF2
1605481200344380946,1605481200000000000,0,1,41645,T,N,0,-105000000,1,4,18791,59302,NGJ1-NGV1
1605481200344710145,1605481200000000000,0,1,121372,T,N,0,-38000000,65,4,19871,59303,NGK1-NGM1
1605481200345808215,1605481200000000000,0,1,111299,T,N,0,2850000000,6,4,20838,59304,NGM1
1605481200346072923,1605481200000000000,0,1,111303,T,N,0,2899000000,2,4,18804,59305,NGQ1
1605481200348143947,1605481200000000000,0,1,111284,T,N,0,2871000000,151,4,29940,59306,NGZ0
1605481200354034968,1605481200000000000,0,1,51363,T,N,0,-135000000,136,4,23600,59308,NGZ0-NGF1
1605481200360926071,1605481200000000000,0,1,215785,T,N,0,-44000000,5,4,20627,59309,NGZ0-NGH1
1605481200398638009,1605481200000000000,0,1,215785,T,N,0,-34000000,7,4,23991,59403,NGZ0-NGH1
1605481200398638009,1605481200000000000,0,1,51363,T,N,0,-136000000,1,4,23991,59403,NGZ0-NGF1
1605481200398638009,1605481200000000000,0,1,111284,T,N,0,2866000000,7,4,23991,59403,NGZ0
1605481200398638009,1605481200000000000,0,1,111284,T,N,0,2871000000,1,4,23991,59403,NGZ0
1605481200398638009,1605481200000000000,0,1,24512,T,N,0,109000000,2,4,23991,59403,NGH1-NGJ1
1605481200398638009,1605481200000000000,0,1,111294,T,N,0,2900000000,8,4,23991,59403,NGH1
1605481200398638009,1605481200000000000,0,1,24441,T,N,0,222000000,1,4,23991,59403,NGF1-NGJ1
1605481200398638009,1605481200000000000,0,1,111291,T,N,0,3007000000,1,4,23991,59403,NGF1
1605481200398638009,1605481200000000000,0,1,111291,T,N,0,3008000000,1,4,23991,59403,NGF1
1605481200398638009,1605481200000000000,0,1,111296,T,N,0,2786000000,1,4,23991,59403,NGJ1
1605481200398638009,1605481200000000000,0,1,8605,T,N,0,100000000,2,4,23991,59403,NG:BF H1-J1-K1
1605481200398638009,1605481200000000000,0,1,204979,T,N,0,9000000,2,4,23991,59403,NGJ1-NGK1
1605481200398638009,1605481200000000000,0,1,61550,T,N,0,8000000,1,4,23991,59403,NGH1-HHH1
1605481200398707237,1605481200000000000,0,1,111291,T,N,0,3005000000,1,4,22947,59404,NGF1
1605481200398707237,1605481200000000000,0,1,111284,T,A,0,2870000000,1,4,22947,59404,NGZ0
1605481200398707237,1605481200000000000,0,1,51363,T,N,0,-135000000,1,4,22947,59404,NGZ0-NGF1
1605481200465766553,1605481200006185807,0,1,51363,T,N,0,-135000000,1,4,18300,59587,NGZ0-NGF1
1605481200465766553,1605481200006185807,0,1,111284,T,A,0,2870000000,1,132,18300,59587,NGZ0
1605481200465766553,1605481200006185807,0,1,111291,T,N,0,3005000000,1,4,18300,59587,NGF1
1605481200467386242,1605481200075578495,0,1,111291,T,B,0,3006000000,1,132,18720,59595,NGF1
1605481200467386242,1605481200075578495,0,1,111284,T,N,0,2871000000,1,4,18720,59595,NGZ0
1605481200467386242,1605481200075578495,0,1,51363,T,N,0,-135000000,1,4,18720,59595,NGZ0-NGF1
1605481200497872757,1605481200106443941,0,1,111284,T,A,0,2870000000,1,4,20295,59682,NGZ0
1605481200497872757,1605481200106443941,0,1,160843,T,N,0,-220000000,1,4,20295,59682,NGZ0-NGZ1
1605481200497872757,1605481200106443941,0,1,111314,T,N,0,3090000000,1,4,20295,59682,NGZ1
1605481200499542198,1605481200178687445,0,1,111284,T,B,0,2870000000,4,4,19994,59687,NGZ0
1605481200524932207,1605481200314098715,0,1,111284,T,B,0,2870000000,1,4,17436,59746,NGZ0
1605481200526522884,1605481200348179065,0,1,111284,T,B,0,2869000000,2,4,18225,59755,NGZ0
1605481200527403603,1605481200365271791,0,1,111284,T,B,0,2869000000,3,4,18128,59759,NGZ0
1605481200527403603,1605481200365271791,0,1,111284,T,B,0,2870000000,3,4,18128,59759,NGZ0
1605481200528764412,1605481200367555343,0,1,111284,T,N,0,2870000000,1,4,18050,59764,NGZ0
1605481200528764412,1605481200367555343,0,1,51363,T,N,0,-135000000,1,4,18050,59764,NGZ0-NGF1
1605481200528764412,1605481200367555343,0,1,111291,T,B,0,3005000000,1,132,18050,59764,NGF1
1605481200529557211,1605481200367717907,0,1,111284,T,B,0,2871000000,1,4,23171,59768,NGZ0
1605481200530258314,1605481200367815607,0,1,51363,T,A,0,-135000000,1,4,19624,59770,NGZ0-NGF1
1605481200531952394,1605481200369486109,0,1,61550,T,N,0,18750000,1,4,18258,59779,NGH1-HHH1
1605481200531952394,1605481200369486109,0,1,111294,T,A,0,2910000000,1,132,18258,59779,NGH1
1605481200535473444,1605481200369558855,0,1,111294,T,A,0,2910000000,1,132,17767,59799,NGH1
1605481200535473444,1605481200369558855,0,1,61550,T,N,0,18750000,1,4,17767,59799,NGH1-HHH1
1605481200553200867,1605481200370438471,0,1,111296,T,B,0,2783000000,1,132,18036,59908,NGJ1
1605481200553200867,1605481200370438471,0,1,111293,T,N,0,2975000000,1,4,18036,59908,NGG1
1605481200553200867,1605481200370438471,0,1,24463,T,N,0,192000000,1,4,18036,59908,NGG1-NGJ1
1605481200554160573,1605481200370552711,0,1,61550,T,N,0,18750000,1,4,18679,59915,NGH1-HHH1
1605481200554160573,1605481200370552711,0,1,111294,T,A,0,2910000000,1,132,18679,59915,NGH1
1605481200566448658,1605481200371553183,0,1,111294,T,A,0,2910000000,1,132,22388,59956,NGH1
1605481200566448658,1605481200371553183,0,1,61550,T,N,0,18750000,1,4,22388,59956,NGH1-HHH1
1605481200578408404,1605481200372295119,0,1,51363,T,A,0,-135000000,6,4,18432,59990,NGZ0-NGF1
1605481200578656860,1605481200372553535,0,1,61550,T,N,0,18750000,1,4,18868,59994,NGH1-HHH1
1605481200578656860,1605481200372553535,0,1,111294,T,A,0,2910000000,1,132,18868,59994,NGH1
1605481200590031811,1605481200373554215,0,1,111294,T,A,0,2910000000,1,132,18198,60024,NGH1
1605481200590031811,1605481200373554215,0,1,61550,T,N,0,18750000,1,4,18198,60024,NGH1-HHH1
1605481200600625151,1605481200373619213,0,1,111284,T,A,0,2868000000,1,4,17931,60041,NGZ0
1605481200602269504,1605481200374554903,0,1,61550,T,N,0,18750000,1,4,18474,60056,NGH1-HHH1
1605481200602269504,1605481200374554903,0,1,111294,T,A,0,2910000000,1,132,18474,60056,NGH1
1605481200612186350,1605481200375555635,0,1,111294,T,A,0,2910000000,1,132,18270,60079,NGH1
1605481200612186350,1605481200375555635,0,1,61550,T,N,0,18750000,1,4,18270,60079,NGH1-HHH1
1605481200663728758,1605481200386229813,0,1,204962,T,A,0,200000000,1,4,18216,60299,NGG1-NGK1
1605481200663934066,1605481200386343733,0,1,24441,T,A,0,221000000,1,4,17744,60305,NGF1-NGJ1
1605481200664264381,1605481200386702285,0,1,24463,T,A,0,191000000,1,4,18156,60323,NGG1-NGJ1
1605481200664264381,1605481200386702285,0,1,24463,T,A,0,189000000,1,4,18156,60323,NGG1-NGJ1
1605481200664870992,1605481200387186245,0,1,15228,T,A,0,33000000,1,4,23093,60351,NGF1-NGG1
1605481200665865634,1605481200388065987,0,1,24512,T,B,0,109000000,1,4,17886,60392,NGH1-NGJ1
1605481200665993002,1605481200388072401,0,1,41645,T,B,0,-105000000,1,4,17335,60394,NGJ1-NGV1
1605481200666099178,1605481200388080881,0,1,209631,T,B,0,-75000000,1,4,17211,60396,NGV1-NGX1
1605481200666222478,1605481200388085007,0,1,158336,T,B,0,-143000000,1,4,18043,60398,NGX1-NGZ1
1605481200671421936,1605481200389972397,0,1,24512,T,B,0,109000000,1,4,17936,60514,NGH1-NGJ1
1605481200671736168,1605481200389990121,0,1,24463,T,A,0,188000000,1,4,18240,60518,NGG1-NGJ1
1605481200673632608,1605481200390963017,0,1,111294,T,N,0,2895000000,1,4,17954,60548,NGH1
1605481200673632608,1605481200390963017,0,1,111284,T,N,0,2870000000,1,4,17954,60548,NGZ0
1605481200673632608,1605481200390963017,0,1,215785,T,B,0,-25000000,1,132,17954,60548,NGZ0-NGH1
1605481200678854850,1605481200392495185,0,1,24512,T,B,0,109000000,1,4,17747,60609,NGH1-NGJ1
1605481200679369661,1605481200392515287,0,1,24463,T,A,0,187000000,1,4,18336,60616,NGG1-NGJ1
1605481200683782273,1605481200394686691,0,1,215880,T,A,0,76000000,1,4,17674,60688,NGG1-NGH1
1605481200686478812,1605481200396123261,0,1,51363,T,A,0,-135000000,1,4,17650,60731,NGZ0-NGF1
1605481200688760400,1605481200396565855,0,1,51363,T,A,0,-135000000,1,4,17677,60748,NGZ0-NGF1
1605481200689056635,1605481200396838985,0,1,51363,T,A,0,-135000000,1,4,17671,60754,NGZ0-NGF1
1605481200694047690,1605481200398705549,0,1,215880,T,A,0,76000000,2,4,17914,60798,NGG1-NGH1
1605481200695173920,1605481200398725777,0,1,215880,T,N,0,76000000,1,4,17961,60809,NGG1-NGH1
1605481200695173920,1605481200398725777,0,1,111294,T,B,0,2899000000,1,132,17961,60809,NGH1
1605481200695173920,1605481200398725777,0,1,111293,T,N,0,2975000000,1,4,17961,60809,NGG1
1605481200697374996,1605481200398886963,0,1,111299,T,N,0,2818000000,1,4,18305,60826,NGM1
1605481200697374996,1605481200398886963,0,1,121372,T,N,0,-38000000,1,4,18305,60826,NGK1-NGM1
1605481200697374996,1605481200398886963,0,1,111298,T,A,0,2780000000,1,132,18305,60826,NGK1
1605481200699077561,1605481200398895569,0,1,111294,T,N,0,2896000000,1,4,18152,60833,NGH1
1605481200699077561,1605481200398895569,0,1,24512,T,N,0,109000000,1,4,18152,60833,NGH1-NGJ1
1605481200699077561,1605481200398895569,0,1,111296,T,A,0,2787000000,1,132,18152,60833,NGJ1
1605481200703542968,1605481200400177785,0,1,121360,T,B,0,-6000000,2,4,18143,60897,NGJ1-NGM1
1605481200703542968,1605481200400177785,0,1,121360,T,B,0,-5000000,5,4,18143,60897,NGJ1-NGM1
1605481200703542968,1605481200400177785,0,1,121360,T,B,0,-4000000,1,4,18143,60897,NGJ1-NGM1
1605481200712279352,1605481200416256637,0,1,111284,T,B,0,2870000000,1,4,18968,61032,NGZ0
1605481200712279352,1605481200416256637,0,1,111284,T,B,0,2871000000,3,4,18968,61032,NGZ0
1605481200713074675,1605481200416273371,0,1,51363,T,A,0,-135000000,1,4,19153,61036,NGZ0-NGF1
1605481200713280871,1605481200416995079,0,1,111284,T,B,0,2871000000,1,4,22877,61040,NGZ0
1605481200714004177,1605481200417161457,0,1,111284,T,B,0,2871000000,3,4,17284,61042,NGZ0
1605481200714721732,1605481200417283505,0,1,111284,T,B,0,2871000000,1,4,23226,61045,NGZ0
1605481200720345601,1605481200418567299,0,1,111284,T,N,0,2872000000,2,4,21240,61058,NGZ0
1605481200720345601,1605481200418567299,0,1,111294,T,B,0,2901000000,1,4,21240,61058,NGH1
1605481200720345601,1605481200418567299,0,1,111294,T,B,0,2902000000,2,4,21240,61058,NGH1
1605481200720345601,1605481200418567299,0,1,111294,T,B,0,2903000000,3,132,21240,61058,NGH1
1605481200720345601,1605481200418567299,0,1,111293,T,N,0,2979000000,1,4,21240,61058,NGG1
1605481200720345601,1605481200418567299,0,1,215880,T,N,0,76000000,1,4,21240,61058,NGG1-NGH1
1605481200720345601,1605481200418567299,0,1,215785,T,N,0,-31000000,2,4,21240,61058,NGZ0-NGH1
1605481200720345601,1605481200418567299,0,1,111291,T,N,0,3007000000,1,4,21240,61058,NGF1
1605481200720345601,1605481200418567299,0,1,111291,T,N,0,3008000000,2,4,21240,61058,NGF1
1605481200720345601,1605481200418567299,0,1,215879,T,N,0,106000000,3,4,21240,61058,NGF1-NGH1
1605481200722938929,1605481200419479669,0,1,111291,T,B,0,3007000000,1,132,18686,61065,NGF1
1605481200722938929,1605481200419479669,0,1,111284,T,N,0,2872000000,1,4,18686,61065,NGZ0
1605481200722938929,1605481200419479669,0,1,51363,T,N,0,-135000000,1,4,18686,61065,NGZ0-NGF1
1605481200724408066,1605481200419955417,0,1,111284,T,A,0,2871000000,2,4,19318,61069,NGZ0
1605481200725098397,1605481200420010693,0,1,111284,T,N,0,2872000000,1,4,17444,61071,NGZ0
1605481200725098397,1605481200420010693,0,1,51363,T,N,0,-135000000,1,4,17444,61071,NGZ0-NGF1
1605481200725098397,1605481200420010693,0,1,111291,T,B,0,3007000000,1,132,17444,61071,NGF1
1605481200725866119,1605481200420196905,0,1,111291,T,B,0,3007000000,1,132,19005,61074,NGF1
1605481200725866119,1605481200420196905,0,1,51363,T,N,0,-135000000,1,4,19005,61074,NGZ0-NGF1
1605481200725866119,1605481200420196905,0,1,111284,T,N,0,2872000000,1,4,19005,61074,NGZ0
1605481200726651246,1605481200422030829,0,1,215880,T,B,0,77000000,1,4,19091,61078,NGG1-NGH1
1605481200726785514,1605481200422031231,0,1,204979,T,B,0,10000000,1,4,18269,61080,NGJ1-NGK1
1605481200728527786,1605481200423886553,0,1,111284,T,A,0,2871000000,4,4,18528,61085,NGZ0
1605481200729240889,1605481200424721919,0,1,215879,T,B,0,109000000,1,4,17361,61087,NGF1-NGH1
1605481200729324993,1605481200424950533,0,1,111284,T,A,0,2871000000,1,4,17328,61089,NGZ0
1605481200730063776,1605481200425602503,0,1,111284,T,A,0,2871000000,1,4,22913,61091,NGZ0
1605481200730759474,1605481200428414195,0,1,215880,T,B,0,77000000,2,4,18198,61093,NGG1-NGH1
1605481200731554973,1605481200430256337,0,1,24512,T,B,0,109000000,1,4,18479,61104,NGH1-NGJ1
1605481200731826148,1605481200431590289,0,1,111284,T,A,0,2871000000,1,4,17428,61108,NGZ0
1605481200741838654,1605481200445806265,0,1,215879,T,B,0,109000000,1,132,18117,61217,NGF1-NGH1
1605481200741838654,1605481200445806265,0,1,111291,T,N,0,3008000000,1,4,18117,61217,NGF1
1605481200741838654,1605481200445806265,0,1,111294,T,N,0,2899000000,1,4,18117,61217,NGH1
1605481200744224721,1605481200449420809,0,1,111284,T,A,0,2871000000,1,4,19714,61234,NGZ0
1605481200745546435,1605481200456716471,0,1,215880,T,A,0,76000000,10,4,17845,61244,NGG1-NGH1
1605481200746751581,1605481200461641789,0,1,111284,T,A,0,2871000000,1,4,18969,61270,NGZ0
1605481200747438347,1605481200461647383,0,1,111294,T,A,0,2910000000,1,132,18020,61272,NGH1
1605481200747438347,1605481200461647383,0,1,61550,T,N,0,18250000,1,4,18020,61272,NGH1-HHH1
1605481200750472890,1605481200463308245,0,1,61550,T,N,0,18250000,1,4,19652,61331,NGH1-HHH1
1605481200750472890,1605481200463308245,0,1,111294,T,A,0,2910000000,1,132,19652,61331,NGH1
1605481200752461706,1605481200465778507,0,1,111294,T,N,0,2898000000,1,4,18285,61347,NGH1
1605481200752461706,1605481200465778507,0,1,215880,T,N,0,76000000,1,4,18285,61347,NGG1-NGH1
1605481200752461706,1605481200465778507,0,1,111293,T,A,0,2974000000,1,132,18285,61347,NGG1
1605481200754411070,1605481200466571837,0,1,111296,T,A,0,2787000000,1,132,18655,61358,NGJ1
1605481200754411070,1605481200466571837,0,1,41645,T,N,0,-106000000,1,4,18655,61358,NGJ1-NGV1
1605481200754411070,1605481200466571837,0,1,111311,T,N,0,2893000000,1,4,18655,61358,NGV1
1605481200757778756,1605481200475391597,0,1,111284,T,A,0,2871000000,5,4,18603,61396,NGZ0
1605481200761188858,1605481200486064925,0,1,51363,T,A,0,-135000000,1,4,18171,61421,NGZ0-NGF1
1605481200771093616,1605481200497882187,0,1,111284,T,A,0,2871000000,2,4,18880,61484,NGZ0
1605481200773736507,1605481200502071701,0,1,24512,T,B,0,109000000,1,4,17569,61499,NGH1-NGJ1
1605481200782541594,1605481200509309969,0,1,215880,T,A,0,76000000,1,4,17615,61526,NGG1-NGH1
1605481200795427846,1605481200518464715,0,1,111284,T,A,0,2871000000,1,4,17671,61569,NGZ0
1605481200796221681,1605481200525638469,0,1,111294,T,A,0,2910000000,1,132,23643,61576,NGH1
1605481200796221681,1605481200525638469,0,1,61550,T,N,0,18250000,1,4,23643,61576,NGH1-HHH1
1605481200797557626,1605481200525640301,0,1,111294,T,B,0,2899000000,1,132,18207,61578,NGH1
1605481200797557626,1605481200525640301,0,1,111291,T,N,0,3007000000,1,4,18207,61578,NGF1
1605481200797557626,1605481200525640301,0,1,215879,T,N,0,108000000,1,4,18207,61578,NGF1-NGH1
1605481200799822858,1605481200526345983,0,1,111284,T,A,0,2871000000,2,4,17569,61587,NGZ0
1605481200803949555,1605481200532030485,0,1,111294,T,A,0,2910000000,2,132,17762,61610,NGH1
1605481200803949555,1605481200532030485,0,1,61550,T,N,0,18250000,2,4,17762,61610,NGH1-HHH1
1605481200807090717,1605481200538042627,0,1,61550,T,N,0,18250000,1,4,18432,61623,NGH1-HHH1
1605481200807090717,1605481200538042627,0,1,111294,T,A,0,2910000000,1,132,18432,61623,NGH1
1605481200810721250,1605481200553198211,0,1,111284,T,A,0,2871000000,2,4,22846,61669,NGZ0
1605481200811471165,1605481200564745039,0,1,111298,T,N,0,2778000000,1,4,18998,61702,NGK1
1605481200811471165,1605481200564745039,0,1,121372,T,N,0,-38000000,1,4,18998,61702,NGK1-NGM1
1605481200811471165,1605481200564745039,0,1,111299,T,B,0,2816000000,1,132,18998,61702,NGM1
1605481200812044152,1605481200566479109,0,1,111294,T,A,0,2910000000,1,132,18011,61714,NGH1
1605481200812044152,1605481200566479109,0,1,61550,T,N,0,18250000,1,4,18011,61714,NGH1-HHH1
1605481200812297519,1605481200566492297,0,1,61550,T,N,0,18250000,1,4,18376,61716,NGH1-HHH1
1605481200812297519,1605481200566492297,0,1,111294,T,A,0,2910000000,1,132,18376,61716,NGH1
1605481200812660807,1605481200567492589,0,1,111294,T,A,0,2910000000,1,132,18175,61723,NGH1
1605481200812660807,1605481200567492589,0,1,61550,T,N,0,18250000,1,4,18175,61723,NGH1-HHH1
1605481200813172078,1605481200568476065,0,1,61550,T,N,0,18250000,1,4,18815,61732,NGH1-HHH1
1605481200813172078,1605481200568476065,0,1,111294,T,A,0,2910000000,1,132,18815,61732,NGH1
1605481200814070132,1605481200574410931,0,1,111294,T,A,0,2910000000,1,132,18920,61750,NGH1
1605481200814070132,1605481200574410931,0,1,61550,T,N,0,18250000,1,4,18920,61750,NGH1-HHH1
1605481200814627363,1605481200578533389,0,1,111284,T,A,0,2871000000,2,4,18016,61763,NGZ0
1605481200814819410,1605481200578666731,0,1,61550,T,N,0,18250000,1,4,18412,61767,NGH1-HHH1
1605481200814819410,1605481200578666731,0,1,111294,T,A,0,2910000000,1,132,18412,61767,NGH1
1605481200816041420,1605481200600630031,0,1,111284,T,A,0,2871000000,22,4,19350,61795,NGZ0
1605481200816041420,1605481200600630031,0,1,111284,T,A,0,2870000000,1,4,19350,61795,NGZ0
1605481200816041420,1605481200600630031,0,1,111291,T,N,0,3005000000,1,4,19350,61795,NGF1
1605481200816041420,1605481200600630031,0,1,51363,T,N,0,-135000000,1,4,19350,61795,NGZ0-NGF1
1605481200816393008,1605481200601380043,0,1,111284,T,A,0,2869000000,1,4,19879,61801,NGZ0
1605481200816893455,1605481200603505603,0,1,111284,T,B,0,2869000000,1,4,18489,61811,NGZ0
1605481200817416282,1605481200613005913,0,1,111284,T,A,0,2869000000,2,4,18409,61823,NGZ0
1605481200817794073,1605481200622325189,0,1,111284,T,A,0,2869000000,4,4,18181,61831,NGZ0
1605481200818123208,1605481200627327391,0,1,111294,T,B,0,2896000000,1,132,20072,61837,NGH1
1605481200818123208,1605481200627327391,0,1,24512,T,N,0,109000000,1,4,20072,61837,NGH1-NGJ1
1605481200818123208,1605481200627327391,0,1,111296,T,N,0,2787000000,1,4,20072,61837,NGJ1
1605481200818407200,1605481200628327541,0,1,111294,T,B,0,2900000000,1,132,23293,61842,NGH1
1605481200818407200,1605481200628327541,0,1,215880,T,N,0,75000000,1,4,23293,61842,NGG1-NGH1
1605481200818407200,1605481200628327541,0,1,111293,T,N,0,2975000000,1,4,23293,61842,NGG1
1605481200819066107,1605481200631905333,0,1,24512,T,A,0,106000000,1,4,19577,61858,NGH1-NGJ1
1605481200819066107,1605481200631905333,0,1,24512,T,A,0,105000000,31,4,19577,61858,NGH1-NGJ1
1605481200819066107,1605481200631905333,0,1,24512,T,A,0,104000000,5,4,19577,61858,NGH1-NGJ1
1605481200819066107,1605481200631905333,0,1,24512,T,A,0,103000000,4,4,19577,61858,NGH1-NGJ1
1605481200819690777,1605481200634496733,0,1,111284,T,A,0,2869000000,5,4,19501,61874,NGZ0
1605481200819751833,1605481200634647623,0,1,24512,T,B,0,103000000,1,4,17634,61877,NGH1-NGJ1
1605481200820724076,1605481200649531641,0,1,24512,T,N,0,103000000,1,4,18202,61912,NGH1-NGJ1
1605481200820724076,1605481200649531641,0,1,111294,T,N,0,2895000000,1,4,18202,61912,NGH1
1605481200820724076,1605481200649531641,0,1,111296,T,A,0,2792000000,1,132,18202,61912,NGJ1
1605481200822733844,1605481200663746379,0,1,204979,T,A,0,9000000,1,4,17745,61964,NGJ1-NGK1
1605481200823479187,1605481200664030671,0,1,111296,T,A,0,2791000000,1,132,18140,61978,NGJ1
1605481200823479187,1605481200664030671,0,1,111294,T,N,0,2894000000,1,4,18140,61978,NGH1
1605481200823479187,1605481200664030671,0,1,24512,T,N,0,103000000,1,4,18140,61978,NGH1-NGJ1
1605481200823914038,1605481200664361589,0,1,24512,T,B,0,103000000,4,4,24655,61986,NGH1-NGJ1
1605481200824255513,1605481200665109017,0,1,111294,T,A,0,2910000000,1,132,19234,61996,NGH1
1605481200824255513,1605481200665109017,0,1,61550,T,N,0,18500000,1,4,19234,61996,NGH1-HHH1
1605481200825741658,1605481200670479893,0,1,61550,T,N,0,18500000,1,4,19084,62027,NGH1-HHH1
1605481200825741658,1605481200670479893,0,1,111294,T,A,0,2910000000,1,132,19084,62027,NGH1
1605481200826542661,1605481200671816475,0,1,111294,T,N,0,2896000000,1,4,18371,62039,NGH1
1605481200826542661,1605481200671816475,0,1,24512,T,N,0,103000000,1,4,18371,62039,NGH1-NGJ1
1605481200826542661,1605481200671816475,0,1,111296,T,A,0,2793000000,1,132,18371,62039,NGJ1
1605481200826760928,1605481200673645609,0,1,111294,T,A,0,2910000000,1,132,18898,62043,NGH1
1605481200826760928,1605481200673645609,0,1,61550,T,N,0,18500000,1,4,18898,62043,NGH1-HHH1
1605481200827367791,1605481200675224461,0,1,111294,T,N,0,2896000000,1,4,18852,62050,NGH1
1605481200827367791,1605481200675224461,0,1,111296,T,A,0,2793000000,1,132,18852,62050,NGJ1
1605481200827367791,1605481200675224461,0,1,24512,T,N,0,103000000,1,4,18852,62050,NGH1-NGJ1
1605481200828532029,1605481200683667339,0,1,111294,T,A,0,2910000000,1,132,18306,62072,NGH1
1605481200828532029,1605481200683667339,0,1,61550,T,N,0,18500000,1,4,18306,62072,NGH1-HHH1
1605481200828785273,1605481200683668919,0,1,111294,T,B,0,2893000000,1,132,18199,62075,NGH1
1605481200828785273,1605481200683668919,0,1,24512,T,N,0,103000000,1,4,18199,62075,NGH1-NGJ1
1605481200828785273,1605481200683668919,0,1,111296,T,N,0,2790000000,1,4,18199,62075,NGJ1
1605481200829129124,1605481200686483577,0,1,111294,T,A,0,2910000000,1,132,18303,62085,NGH1
1605481200829129124,1605481200686483577,0,1,61550,T,N,0,18500000,1,4,18303,62085,NGH1-HHH1
1605481200829770099,1605481200689977839,0,1,111294,T,N,0,2895000000,1,4,18698,62094,NGH1
1605481200829770099,1605481200689977839,0,1,111296,T,A,0,2792000000,1,132,18698,62094,NGJ1
1605481200829770099,1605481200689977839,0,1,24512,T,N,0,103000000,1,4,18698,62094,NGH1-NGJ1
1605481200829999670,1605481200691874995,0,1,215785,T,A,0,-29000000,1,4,18809,62098,NGZ0-NGH1
1605481200830017922,1605481200692158095,0,1,61550,T,A,0,18500000,1,4,17708,62100,NGH1-HHH1
1605481200830159930,1605481200692174383,0,1,111284,T,B,0,2873000000,1,4,17428,62102,NGZ0
1605481200831058516,1605481200693259955,0,1,15228,T,A,0,32000000,1,4,18256,62118,NGF1-NGG1
1605481200831105264,1605481200694029257,0,1,111284,T,A,0,2869000000,2,4,18539,62120,NGZ0
1605481200831465060,1605481200694341711,0,1,51363,T,A,0,-135000000,1,4,17969,62127,NGZ0-NGF1
1605481200831596579,1605481200695978217,0,1,24512,T,N,0,103000000,1,4,18158,62132,NGH1-NGJ1
1605481200831596579,1605481200695978217,0,1,111296,T,N,0,2790000000,1,4,18158,62132,NGJ1
1605481200831596579,1605481200695978217,0,1,111294,T,B,0,2893000000,1,132,18158,62132,NGH1
1605481200832047299,1605481200696975671,0,1,111294,T,A,0,2910000000,1,132,27151,62140,NGH1
1605481200832047299,1605481200696975671,0,1,61550,T,N,0,18500000,1,4,27151,62140,NGH1-HHH1
1605481200832495354,1605481200698540419,0,1,111294,T,N,0,2897000000,1,4,19868,62147,NGH1
1605481200832495354,1605481200698540419,0,1,111296,T,A,0,2794000000,1,132,19868,62147,NGJ1
1605481200832495354,1605481200698540419,0,1,24512,T,N,0,103000000,1,4,19868,62147,NGH1-NGJ1
1605481200832964869,1605481200699087665,0,1,111294,T,A,0,2910000000,1,132,18484,62156,NGH1
1605481200832964869,1605481200699087665,0,1,61550,T,N,0,18500000,1,4,18484,62156,NGH1-HHH1
1605481200833409696,1605481200699923479,0,1,111294,T,N,0,2895000000,1,4,18086,62163,NGH1
1605481200833409696,1605481200699923479,0,1,24512,T,N,0,103000000,1,4,18086,62163,NGH1-NGJ1
1605481200833409696,1605481200699923479,0,1,111296,T,A,0,2792000000,1,132,18086,62163,NGJ1
1605481200834581206,1605481200701135703,0,1,24512,T,B,0,103000000,4,4,17933,62184,NGH1-NGJ1
1605481200834636358,1605481200701801859,0,1,215785,T,A,0,-29000000,1,4,17910,62187,NGZ0-NGH1
1605481200834677998,1605481200701879337,0,1,61550,T,A,0,18500000,1,4,17928,62189,NGH1-HHH1
1605481200834817061,1605481200701917217,0,1,111284,T,B,0,2870000000,1,4,17777,62191,NGZ0
1605481200835020533,1605481200702407077,0,1,111284,T,A,0,2869000000,5,4,18479,62195,NGZ0
1605481200835034589,1605481200702941873,0,1,61550,T,N,0,18500000,1,4,17940,62196,NGH1-HHH1
1605481200835034589,1605481200702941873,0,1,111294,T,A,0,2910000000,1,132,17940,62196,NGH1
1605481200835427932,1605481200703156241,0,1,15228,T,A,0,32000000,1,4,18121,62202,NGF1-NGG1
1605481200835471924,1605481200703322799,0,1,51363,T,A,0,-135000000,1,4,18192,62204,NGZ0-NGF1
1605481200835799348,1605481200704917415,0,1,111294,T,A,0,2910000000,1,132,17979,62210,NGH1
1605481200835799348,1605481200704917415,0,1,61550,T,N,0,18250000,1,4,17979,62210,NGH1-HHH1
1605481200836042275,1605481200706358575,0,1,215785,T,A,0,-29000000,1,4,18179,62212,NGZ0-NGH1
1605481200836087647,1605481200706435859,0,1,61550,T,A,0,18500000,1,132,18074,62214,NGH1-HHH1
1605481200836087647,1605481200706435859,0,1,61251,T,N,0,18500000,1,4,18074,62214,NGG1-HHG1
1605481200836087647,1605481200706435859,0,1,107296,T,N,0,0,1,4,18074,62214,NG:HH G1-H1
1605481200836254939,1605481200706493363,0,1,51363,T,N,0,-134000000,1,4,19002,62217,NGZ0-NGF1
1605481200836254939,1605481200706493363,0,1,111284,T,B,0,2873000000,1,132,19002,62217,NGZ0
1605481200836254939,1605481200706493363,0,1,111291,T,N,0,3007000000,1,4,19002,62217,NGF1
1605481200836528150,1605481200707717933,0,1,15228,T,A,0,32000000,1,4,17853,62222,NGF1-NGG1
1605481200836574038,1605481200707856543,0,1,51363,T,A,0,-135000000,1,4,17799,62224,NGZ0-NGF1
1605481200836797338,1605481200710647955,0,1,215785,T,A,0,-31000000,1,4,17265,62229,NGZ0-NGH1
1605481200836842638,1605481200710719913,0,1,107296,T,N,0,0,1,4,18121,62231,NG:HH G1-H1
1605481200836842638,1605481200710719913,0,1,61251,T,N,0,18500000,1,4,18121,62231,NGG1-HHG1
1605481200836842638,1605481200710719913,0,1,61550,T,A,0,18500000,1,132,18121,62231,NGH1-HHH1
1605481200837184117,1605481200710829027,0,1,51363,T,N,0,-134000000,1,4,18178,62236,NGZ0-NGF1
1605481200837184117,1605481200710829027,0,1,111291,T,A,0,3007000000,1,132,18178,62236,NGF1
1605481200837184117,1605481200710829027,0,1,111284,T,N,0,2873000000,1,4,18178,62236,NGZ0
1605481200838319955,1605481200714045763,0,1,111284,T,B,0,2871000000,1,4,22939,62255,NGZ0
1605481200838740854,1605481200715025031,0,1,111284,T,A,0,2871000000,1,4,17800,62263,NGZ0
1605481200838751686,1605481200715056085,0,1,215785,T,A,0,-33000000,1,4,17828,62264,NGZ0-NGH1
1605481200838944394,1605481200715235793,0,1,61550,T,A,0,18500000,1,132,18205,62268,NGH1-HHH1
1605481200838944394,1605481200715235793,0,1,61251,T,N,0,18500000,1,4,18205,62268,NGG1-HHG1
1605481200838944394,1605481200715235793,0,1,107296,T,N,0,0,1,4,18205,62268,NG:HH G1-H1
1605481200839319417,1605481200715625137,0,1,111284,T,A,0,2873000000,1,4,17177,62275,NGZ0
1605481200840325163,1605481200717811249,0,1,215785,T,A,0,-34000000,1,4,17516,62291,NGZ0-NGH1
1605481200840545047,1605481200717955373,0,1,107296,T,N,0,0,1,4,18164,62296,NG:HH G1-H1
1605481200840545047,1605481200717955373,0,1,61251,T,N,0,18500000,1,4,18164,62296,NGG1-HHG1
1605481200840545047,1605481200717955373,0,1,61550,T,A,0,18500000,1,132,18164,62296,NGH1-HHH1
1605481200841155262,1605481200720365443,0,1,111294,T,B,0,2897000000,1,132,17893,62305,NGH1
1605481200841155262,1605481200720365443,0,1,24512,T,N,0,103000000,1,4,17893,62305,NGH1-NGJ1
1605481200841155262,1605481200720365443,0,1,111296,T,N,0,2794000000,1,4,17893,62305,NGJ1
1605481200842140576,1605481200721568673,0,1,111296,T,N,0,2795000000,1,4,18384,62321,NGJ1
1605481200842140576,1605481200721568673,0,1,24512,T,N,0,103000000,1,4,18384,62321,NGH1-NGJ1
1605481200842140576,1605481200721568673,0,1,111294,T,B,0,2898000000,1,132,18384,62321,NGH1
1605481200842699971,1605481200724420741,0,1,111294,T,A,0,2910000000,1,132,19678,62330,NGH1
1605481200842699971,1605481200724420741,0,1,61550,T,N,0,18250000,1,4,19678,62330,NGH1-HHH1
1605481200842927090,1605481200724675163,0,1,61550,T,A,0,18500000,5,132,18445,62332,NGH1-HHH1
1605481200842927090,1605481200724675163,0,1,61251,T,N,0,18500000,5,4,18445,62332,NGG1-HHG1
1605481200842927090,1605481200724675163,0,1,107296,T,N,0,0,5,4,18445,62332,NG:HH G1-H1
1605481200843106194,1605481200724810153,0,1,111294,T,B,0,2901000000,1,4,20385,62335,NGH1
1605481200843106194,1605481200724810153,0,1,111294,T,B,0,2902000000,1,4,20385,62335,NGH1
1605481200843106194,1605481200724810153,0,1,111294,T,B,0,2904000000,3,132,20385,62335,NGH1
1605481200843106194,1605481200724810153,0,1,111291,T,N,0,3008000000,3,4,20385,62335,NGF1
1605481200843106194,1605481200724810153,0,1,111293,T,N,0,2976000000,1,4,20385,62335,NGG1
1605481200843106194,1605481200724810153,0,1,111293,T,N,0,2979000000,1,4,20385,62335,NGG1
1605481200843106194,1605481200724810153,0,1,215880,T,N,0,75000000,2,4,20385,62335,NGG1-NGH1
1605481200843106194,1605481200724810153,0,1,215879,T,N,0,106000000,1,4,20385,62335,NGF1-NGH1
1605481200843106194,1605481200724810153,0,1,215879,T,N,0,104000000,2,4,20385,62335,NGF1-NGH1
1605481200843606637,1605481200726643235,0,1,111284,T,A,0,2873000000,1,4,17968,62343,NGZ0
1605481200843606637,1605481200726643235,0,1,111284,T,A,0,2872000000,1,4,17968,62343,NGZ0
1605481200843803413,1605481200726646513,0,1,111294,T,A,0,2910000000,1,132,22666,62347,NGH1
1605481200843803413,1605481200726646513,0,1,61550,T,N,0,18250000,1,4,22666,62347,NGH1-HHH1
1605481200844531680,1605481200728467695,0,1,215880,T,A,0,75000000,1,4,19281,62361,NGG1-NGH1
1605481200844531680,1605481200728473871,0,1,15228,T,A,0,32000000,1,4,19281,62361,NGF1-NGG1
1605481200844602159,1605481200729241267,0,1,111284,T,A,0,2872000000,2,4,23298,62365,NGZ0
1605481200845224450,1605481200732531473,0,1,111284,T,A,0,2872000000,2,4,19106,62385,NGZ0
1605481200845337682,1605481200733233877,0,1,61550,T,A,0,18500000,5,132,18086,62390,NGH1-HHH1
1605481200845337682,1605481200733233877,0,1,107296,T,N,0,0,5,4,18086,62390,NG:HH G1-H1
1605481200845337682,1605481200733233877,0,1,61251,T,N,0,18500000,5,4,18086,62390,NGG1-HHG1
1605481200845592502,1605481200733269461,0,1,15228,T,N,0,32000000,1,4,20859,62395,NGF1-NGG1
1605481200845592502,1605481200733269461,0,1,215880,T,N,0,75000000,3,4,20859,62395,NGG1-NGH1
1605481200845592502,1605481200733269461,0,1,111294,T,B,0,2901000000,1,4,20859,62395,NGH1
1605481200845592502,1605481200733269461,0,1,111294,T,B,0,2904000000,4,132,20859,62395,NGH1
1605481200845592502,1605481200733269461,0,1,215879,T,N,0,103000000,1,4,20859,62395,NGF1-NGH1
1605481200845592502,1605481200733269461,0,1,111293,T,N,0,2976000000,1,4,20859,62395,NGG1
1605481200845592502,1605481200733269461,0,1,111293,T,N,0,2979000000,3,4,20859,62395,NGG1
1605481200845592502,1605481200733269461,0,1,111291,T,N,0,3007000000,1,4,20859,62395,NGF1
1605481200845592502,1605481200733269461,0,1,4416,T,N,0,-43000000,1,4,20859,62395,NG:BF F1-G1-H1
1605481200846340560,1605481200734443269,0,1,24512,T,B,0,103000000,1,4,19347,62412,NGH1-NGJ1
1605481200846452088,1605481200735217557,0,1,24512,T,B,0,103000000,4,4,17923,62416,NGH1-NGJ1
1605481200847255795,1605481200738299817,0,1,111284,T,A,0,2872000000,1,4,23985,62438,NGZ0
1605481200847737645,1605481200739737719,0,1,61251,T,N,0,18500000,5,4,18293,62447,NGG1-HHG1
1605481200847737645,1605481200739737719,0,1,107296,T,N,0,0,5,4,18293,62447,NG:HH G1-H1
1605481200847737645,1605481200739737719,0,1,61550,T,A,0,18500000,5,132,18293,62447,NGH1-HHH1
1605481200847940789,1605481200739783481,0,1,111291,T,N,0,3007000000,1,4,19352,62451,NGF1
1605481200847940789,1605481200739783481,0,1,111293,T,N,0,2979000000,3,4,19352,62451,NGG1
1605481200847940789,1605481200739783481,0,1,111293,T,N,0,2980000000,1,4,19352,62451,NGG1
1605481200847940789,1605481200739783481,0,1,215879,T,N,0,103000000,1,4,19352,62451,NGF1-NGH1
1605481200847940789,1605481200739783481,0,1,111294,T,B,0,2904000000,4,4,19352,62451,NGH1
1605481200847940789,1605481200739783481,0,1,111294,T,B,0,2905000000,1,132,19352,62451,NGH1
1605481200847940789,1605481200739783481,0,1,215880,T,N,0,75000000,4,4,19352,62451,NGG1-NGH1
1605481200850017533,1605481200745854453,0,1,61550,T,A,0,18500000,1,4,17941,62513,NGH1-HHH1
1605481200850017533,1605481200745854453,0,1,107296,T,N,0,0,1,4,17941,62513,NG:HH G1-H1
1605481200850017533,1605481200745854453,0,1,61251,T,N,0,18500000,1,4,17941,62513,NGG1-HHG1
1605481200850515208,1605481200745957665,0,1,215880,T,N,0,75000000,3,4,19838,62520,NGG1-NGH1
1605481200850515208,1605481200745957665,0,1,111294,T,B,0,2901000000,1,4,19838,62520,NGH1
1605481200850515208,1605481200745957665,0,1,111294,T,B,0,2905000000,3,4,19838,62520,NGH1
1605481200850515208,1605481200745957665,0,1,111294,T,B,0,2906000000,1,132,19838,62520,NGH1
1605481200850515208,1605481200745957665,0,1,215879,T,N,0,102000000,2,4,19838,62520,NGF1-NGH1
1605481200850515208,1605481200745957665,0,1,111293,T,N,0,2976000000,1,4,19838,62520,NGG1
1605481200850515208,1605481200745957665,0,1,111293,T,N,0,2980000000,2,4,19838,62520,NGG1
1605481200850515208,1605481200745957665,0,1,111291,T,N,0,3007000000,1,4,19838,62520,NGF1
1605481200850515208,1605481200745957665,0,1,111291,T,N,0,3008000000,1,4,19838,62520,NGF1
1605481200851565663,1605481200749492295,0,1,111284,T,B,0,2872000000,1,4,18237,62548,NGZ0
1605481200857213544,1605481200761199399,0,1,51363,T,A,0,-135000000,1,4,17573,62640,NGZ0-NGF1
1605481200858190066,1605481200771367819,0,1,111294,T,A,0,2910000000,1,132,19554,62662,NGH1
1605481200858190066,1605481200771367819,0,1,61550,T,N,0,18250000,1,4,19554,62662,NGH1-HHH1
1605481200858421034,1605481200772368289,0,1,61550,T,N,0,18250000,1,4,18949,62665,NGH1-HHH1
1605481200858421034,1605481200772368289,0,1,111294,T,A,0,2910000000,1,132,18949,62665,NGH1
1605481200862103755,1605481200809054501,0,1,61550,T,N,0,18500000,5,4,18357,62770,NGH1-HHH1
1605481200862103755,1605481200809054501,0,1,61251,T,B,0,18750000,5,4,18357,62770,NGG1-HHG1
1605481200862103755,1605481200809054501,0,1,107296,T,N,0,250000,5,4,18357,62770,NG:HH G1-H1
1605481200862523502,1605481200810354509,0,1,51363,T,N,0,-135000000,1,4,19175,62783,NGZ0-NGF1
1605481200862523502,1605481200810354509,0,1,111284,T,A,0,2871000000,2,4,19175,62783,NGZ0
1605481200862523502,1605481200810354509,0,1,111284,T,A,0,2870000000,1,4,19175,62783,NGZ0
1605481200862523502,1605481200810354509,0,1,111291,T,N,0,3005000000,1,4,19175,62783,NGF1
1605481200862868786,1605481200810708001,0,1,215880,T,B,0,76000000,1,4,19003,62792,NGG1-NGH1
1605481200863196881,1605481200811200105,0,1,24512,T,B,0,103000000,4,4,17912,62803,NGH1-NGJ1
1605481200863277313,1605481200811501265,0,1,111298,T,B,0,2777000000,1,4,17391,62807,NGK1
1605481200867842132,1605481200818985499,0,1,215785,T,B,0,-35000000,1,4,17754,62906,NGZ0-NGH1
1605481200868152352,1605481200819181159,0,1,111298,T,N,0,2777000000,1,4,18162,62922,NGK1
1605481200868152352,1605481200819181159,0,1,111296,T,B,0,2787000000,1,132,18162,62922,NGJ1
1605481200868152352,1605481200819181159,0,1,204979,T,N,0,10000000,1,4,18162,62922,NGJ1-NGK1
1605481200868554303,1605481200819309257,0,1,24512,T,B,0,103000000,2,4,18289,62935,NGH1-NGJ1
1605481200868596843,1605481200819317407,0,1,215880,T,B,0,76000000,2,4,18632,62937,NGG1-NGH1
1605481200868643203,1605481200819327577,0,1,24463,T,A,0,182000000,2,4,17465,62939,NGG1-NGJ1
1605481200868693227,1605481200819487379,0,1,215880,T,B,0,76000000,1,4,18007,62942,NGG1-NGH1
1605481200868737091,1605481200819500379,0,1,24463,T,A,0,182000000,1,4,17692,62944,NGG1-NGJ1
1605481200869356170,1605481200820947193,0,1,204979,T,N,0,10000000,1,4,18354,62968,NGJ1-NGK1
1605481200869356170,1605481200820947193,0,1,111296,T,B,0,2787000000,1,132,18354,62968,NGJ1
1605481200869356170,1605481200820947193,0,1,111298,T,N,0,2777000000,1,4,18354,62968,NGK1
1605481200870208452,1605481200823256217,0,1,204979,T,A,0,9000000,1,4,18759,63002,NGJ1-NGK1
1605481200871054066,1605481200823876165,0,1,111296,T,A,0,2793000000,1,132,17878,63019,NGJ1
1605481200871054066,1605481200823876165,0,1,24512,T,N,0,103000000,1,4,17878,63019,NGH1-NGJ1
1605481200871054066,1605481200823876165,0,1,111294,T,N,0,2896000000,1,4,17878,63019,NGH1
1605481200871252750,1605481200823927111,0,1,215880,T,A,0,75000000,2,4,18225,63023,NGG1-NGH1
1605481200871709853,1605481200826347359,0,1,111294,T,A,0,2910000000,1,132,18631,63038,NGH1
1605481200871709853,1605481200826347359,0,1,61550,T,N,0,18250000,1,4,18631,63038,NGH1-HHH1
1605481200874348276,1605481200828837649,0,1,111294,T,B,0,2901000000,1,132,18004,63072,NGH1
1605481200874348276,1605481200828837649,0,1,215785,T,N,0,-30000000,1,4,18004,63072,NGZ0-NGH1
1605481200874348276,1605481200828837649,0,1,111284,T,N,0,2871000000,1,4,18004,63072,NGZ0
1605481200874647928,1605481200830474279,0,1,215880,T,A,0,75000000,1,4,21757,63080,NGG1-NGH1
1605481200875027695,1605481200830636457,0,1,15228,T,A,0,32000000,1,4,18836,63085,NGF1-NGG1
1605481200875070283,1605481200830777497,0,1,51363,T,A,0,-135000000,1,4,18274,63087,NGZ0-NGF1
1605481200880154141,1605481200841588683,0,1,111284,T,B,0,2873000000,1,4,18401,63202,NGZ0
1605481200880709537,1605481200842513531,0,1,111284,T,B,0,2873000000,1,4,23665,63212,NGZ0
1605481200881228419,1605481200843152047,0,1,111284,T,A,0,2871000000,1,4,18643,63224,NGZ0
1605481200881228419,1605481200843152047,0,1,111284,T,A,0,2870000000,1,4,18643,63224,NGZ0
1605481200881228419,1605481200843152047,0,1,215785,T,N,0,-30000000,1,4,18643,63224,NGZ0-NGH1
1605481200881228419,1605481200843152047,0,1,111294,T,N,0,2900000000,1,4,18643,63224,NGH1
1605481200882591133,1605481200845423379,0,1,215880,T,A,0,75000000,1,4,17665,63257,NGG1-NGH1
1605481200882621865,1605481200845555357,0,1,15228,T,A,0,32000000,1,4,19236,63259,NGF1-NGG1
1605481200882700241,1605481200845673539,0,1,51363,T,A,0,-135000000,1,4,19682,63262,NGZ0-NGF1
1605481200884059102,1605481200847952291,0,1,215880,T,N,0,75000000,1,4,18269,63292,NGG1-NGH1
1605481200884059102,1605481200847952291,0,1,111294,T,B,0,2901000000,1,132,18269,63292,NGH1
1605481200884059102,1605481200847952291,0,1,111293,T,N,0,2976000000,1,4,18269,63292,NGG1
1605481200884724009,1605481200848273941,0,1,24512,T,B,0,103000000,4,4,17916,63306,NGH1-NGJ1
1605481200886390186,1605481200850847699,0,1,111294,T,A,0,2910000000,1,132,17419,63346,NGH1
1605481200886390186,1605481200850847699,0,1,61550,T,N,0,18250000,1,4,17419,63346,NGH1-HHH1
1605481200891005290,1605481200855933093,0,1,111293,T,N,0,2974000000,1,4,18462,63433,NGG1
1605481200891005290,1605481200855933093,0,1,111284,T,A,0,2871000000,1,4,18462,63433,NGZ0
1605481200891005290,1605481200855933093,0,1,15142,T,N,0,-103000000,1,4,18462,63433,NGZ0-NGG1
1605481200891996900,1605481200857641481,0,1,111293,T,B,0,2975000000,1,4,18309,63450,NGG1
1605481200891996900,1605481200857641481,0,1,15228,T,N,0,32000000,1,4,18309,63450,NGF1-NGG1
1605481200891996900,1605481200857641481,0,1,111291,T,N,0,3007000000,1,4,18309,63450,NGF1
1605481200892440487,1605481200858741113,0,1,111291,T,A,0,3006000000,1,132,18029,63463,NGF1
1605481200892440487,1605481200858741113,0,1,15228,T,N,0,32000000,1,4,18029,63463,NGF1-NGG1
1605481200892440487,1605481200858741113,0,1,111293,T,N,0,2974000000,1,4,18029,63463,NGG1
1605481200894145864,1605481200861730859,0,1,111284,T,A,0,2869000000,1,4,17881,63500,NGZ0
1605481200896277652,1605481200866734393,0,1,111293,T,A,0,2974000000,1,132,23720,63551,NGG1
1605481200896277652,1605481200866734393,0,1,111294,T,N,0,2899000000,1,4,23720,63551,NGH1
1605481200896277652,1605481200866734393,0,1,215880,T,N,0,75000000,1,4,23720,63551,NGG1-NGH1
1605481200896834847,1605481200868666857,0,1,215880,T,N,0,75000000,5,4,18476,63568,NGG1-NGH1
1605481200896834847,1605481200868666857,0,1,107296,T,N,0,250000,5,4,18476,63568,NG:HH G1-H1
1605481200897334306,1605481200870011307,0,1,111296,T,B,0,2793000000,1,132,18643,63583,NGJ1
1605481200897334306,1605481200870011307,0,1,204979,T,N,0,10000000,1,4,18643,63583,NGJ1-NGK1
1605481200897334306,1605481200870011307,0,1,111298,T,N,0,2783000000,1,4,18643,63583,NGK1
1605481200897993804,1605481200870562837,0,1,111299,T,N,0,2826000000,1,4,21111,63596,NGM1
1605481200897993804,1605481200870562837,0,1,60141,T,N,0,12750000,1,4,21111,63596,NGM1-HHM1
1605481200898346736,1605481200870792501,0,1,111293,T,B,0,2975000000,1,4,19679,63602,NGG1
1605481200898346736,1605481200870792501,0,1,111293,T,B,0,2976000000,4,4,19679,63602,NGG1
1605481200898346736,1605481200870792501,0,1,111284,T,N,0,2871000000,1,4,19679,63602,NGZ0
1605481200898346736,1605481200870792501,0,1,15228,T,N,0,32000000,3,4,19679,63602,NGF1-NGG1
1605481200898346736,1605481200870792501,0,1,111291,T,N,0,3007000000,1,4,19679,63602,NGF1
1605481200898346736,1605481200870792501,0,1,111291,T,N,0,3008000000,2,4,19679,63602,NGF1
1605481200898346736,1605481200870792501,0,1,15142,T,N,0,-105000000,1,4,19679,63602,NGZ0-NGG1
1605481200898798207,1605481200870881073,0,1,61251,T,A,0,18250000,5,4,23577,63609,NGG1-HHG1
1605481200898939039,1605481200870891779,0,1,111284,T,N,0,2873000000,1,4,18113,63612,NGZ0
1605481200898939039,1605481200870891779,0,1,111294,T,B,0,2903000000,1,132,18113,63612,NGH1
1605481200898939039,1605481200870891779,0,1,215785,T,N,0,-30000000,1,4,18113,63612,NGZ0-NGH1
1605481200899156166,1605481200870974377,0,1,61550,T,A,0,18250000,1,4,17834,63617,NGH1-HHH1
1605481200901852237,1605481200873863869,0,1,15228,T,A,0,32000000,1,4,18109,63662,NGF1-NGG1
1605481200901882889,1605481200873869709,0,1,51363,T,A,0,-135000000,1,4,18106,63664,NGZ0-NGF1
1605481200902829016,1605481200875064797,0,1,215880,T,A,0,75000000,1,4,19336,63682,NGG1-NGH1
1605481200902883771,1605481200875219085,0,1,15228,T,A,0,32000000,1,4,18905,63686,NGF1-NGG1
1605481200903098871,1605481200875349409,0,1,51363,T,A,0,-135000000,1,4,19072,63692,NGZ0-NGF1
1605481200906194273,1605481200881482169,0,1,111298,T,N,0,2783000000,1,4,18477,63741,NGK1
1605481200906194273,1605481200881482169,0,1,204979,T,N,0,10000000,1,4,18477,63741,NGJ1-NGK1
1605481200906194273,1605481200881482169,0,1,111296,T,B,0,2793000000,1,132,18477,63741,NGJ1
1605481200907720134,1605481200889118203,0,1,24512,T,A,0,102000000,1,4,21157,63789,NGH1-NGJ1
1605481200909464267,1605481200896669403,0,1,204963,T,A,0,120000000,1,4,17872,63859,NGH1-NGK1
1605481200909502487,1605481200896677547,0,1,204979,T,B,0,10000000,1,4,17961,63861,NGJ1-NGK1
1605481200909549167,1605481200896681093,0,1,24512,T,B,0,103000000,1,4,21703,63863,NGH1-NGJ1
1605481200909643367,1605481200896874591,0,1,61550,T,N,0,18250000,1,4,25890,63867,NGH1-HHH1
1605481200909643367,1605481200896874591,0,1,111294,T,A,0,2910000000,1,132,25890,63867,NGH1
1605481200910981725,1605481200902981139,0,1,215880,T,N,0,75000000,5,4,19082,63900,NGG1-NGH1
1605481200910981725,1605481200902981139,0,1,107296,T,N,0,250000,5,4,19082,63900,NG:HH G1-H1
1605481200912184366,1605481200906766451,0,1,15228,T,N,0,32000000,5,4,18966,63934,NGF1-NGG1
1605481200912184366,1605481200906766451,0,1,111291,T,N,0,3007000000,1,4,18966,63934,NGF1
1605481200912184366,1605481200906766451,0,1,111291,T,N,0,3008000000,4,4,18966,63934,NGF1
1605481200912184366,1605481200906766451,0,1,111293,T,B,0,2975000000,1,4,18966,63934,NGG1
1605481200912184366,1605481200906766451,0,1,111293,T,B,0,2976000000,4,132,18966,63934,NGG1
1605481200912428742,1605481200906836315,0,1,61251,T,A,0,18250000,5,4,19802,63938,NGG1-HHG1
1605481200913030361,1605481200908741027,0,1,24512,T,B,0,103000000,4,4,18610,63958,NGH1-NGJ1
1605481200913356328,1605481200909413279,0,1,24512,T,B,0,103000000,9,4,21734,63965,NGH1-NGJ1
1605481200913527176,1605481200910018705,0,1,24512,T,B,0,103000000,3,4,17727,63973,NGH1-NGJ1
1605481200913613060,1605481200910735301,0,1,15228,T,A,0,32000000,8,4,18372,63977,NGF1-NGG1
1605481200915845343,1605481200913372733,0,1,24512,T,B,0,103000000,11,4,19611,64012,NGH1-NGJ1
1605481200927124971,1605481200918139949,0,1,111291,T,N,0,3007000000,1,4,18041,64072,NGF1
1605481200927124971,1605481200918139949,0,1,111294,T,B,0,2902000000,1,132,18041,64072,NGH1
1605481200927124971,1605481200918139949,0,1,215879,T,N,0,105000000,1,4,18041,64072,NGF1-NGH1
1605481200927382478,1605481200918223723,0,1,61550,T,A,0,18250000,1,4,18256,64076,NGH1-HHH1
1605481200927689153,1605481200919453033,0,1,111294,T,B,0,2903000000,1,132,18582,64086,NGH1
1605481200927689153,1605481200919453033,0,1,111293,T,N,0,2978000000,1,4,18582,64086,NGG1
1605481200927689153,1605481200919453033,0,1,215880,T,N,0,75000000,1,4,18582,64086,NGG1-NGH1
1605481200931362931,1605481200927723035,0,1,215880,T,A,0,75000000,2,4,17682,64157,NGG1-NGH1
1605481200931703766,1605481200930656529,0,1,215785,T,A,0,-32000000,1,4,19175,64169,NGZ0-NGH1
1605481200931955622,1605481200930773131,0,1,61550,T,A,0,18250000,1,4,18965,64171,NGH1-HHH1
1605481200932314241,1605481200930804185,0,1,111284,T,B,0,2872000000,1,4,18492,64173,NGZ0
1605481200933813258,1605481200931906163,0,1,215880,T,A,0,75000000,1,4,19055,64184,NGG1-NGH1
1605481200933852714,1605481200932038083,0,1,15228,T,A,0,31000000,1,4,25706,64185,NGF1-NGG1
1605481200933852714,1605481200932160587,0,1,51363,T,A,0,-135000000,1,4,25706,64185,NGZ0-NGF1
1605481200943905012,1605481200935271681,0,1,215785,T,A,0,-32000000,1,4,18090,64214,NGZ0-NGH1
1605481200943989911,1605481200935350739,0,1,61550,T,A,0,18250000,1,4,17939,64216,NGH1-HHH1
1605481200944144003,1605481200935388551,0,1,111284,T,B,0,2874000000,1,4,19021,64218,NGZ0
1605481200944416231,1605481200936456523,0,1,215880,T,A,0,75000000,1,4,17557,64222,NGG1-NGH1
1605481200944435071,1605481200936639779,0,1,15228,T,A,0,31000000,1,4,17757,64224,NGF1-NGG1
1605481200944467174,1605481200936801687,0,1,51363,T,A,0,-135000000,1,4,17534,64226,NGZ0-NGF1
1605481200944648058,1605481200938494981,0,1,215880,T,N,0,75000000,1,4,18387,64230,NGG1-NGH1
1605481200944648058,1605481200938494981,0,1,107296,T,N,0,250000,1,4,18387,64230,NG:HH G1-H1
1605481200944977985,1605481200939265393,0,1,215785,T,A,0,-32000000,1,4,19120,64235,NGZ0-NGH1
1605481200945010497,1605481200939335577,0,1,61550,T,A,0,18250000,1,4,17554,64237,NGH1-HHH1
1605481200945157161,1605481200939383119,0,1,111284,T,B,0,2872000000,1,4,17657,64239,NGZ0
1605481200945334901,1605481200939948499,0,1,107296,T,N,0,250000,1,4,18457,64243,NG:HH G1-H1
1605481200945334901,1605481200939948499,0,1,215880,T,N,0,75000000,1,4,18457,64243,NGG1-NGH1
1605481200945483881,1605481200940152549,0,1,61251,T,A,0,18250000,1,4,17657,64246,NGG1-HHG1
1605481200945638176,1605481200940238043,0,1,15228,T,N,0,31000000,1,4,18693,64248,NGF1-NGG1
1605481200945638176,1605481200940238043,0,1,111293,T,B,0,2977000000,1,132,18693,64248,NGG1
1605481200945638176,1605481200940238043,0,1,111291,T,N,0,3008000000,1,4,18693,64248,NGF1
1605481200945836852,1605481200940526597,0,1,215880,T,A,0,75000000,1,4,17583,64251,NGG1-NGH1
1605481200945860548,1605481200940671317,0,1,15228,T,A,0,31000000,1,4,17973,64253,NGF1-NGG1
1605481200945997912,1605481200940847791,0,1,51363,T,A,0,-135000000,1,4,17878,64256,NGZ0-NGF1
1605481200946522771,1605481200942868189,0,1,15228,T,N,0,31000000,1,4,19633,64267,NGF1-NGG1
1605481200946522771,1605481200942868189,0,1,111291,T,N,0,3008000000,1,4,19633,64267,NGF1
1605481200946522771,1605481200942868189,0,1,111293,T,B,0,2977000000,1,132,19633,64267,NGG1
1605481200946982430,1605481200945303931,0,1,215880,T,N,0,75000000,1,4,18162,64281,NGG1-NGH1
1605481200946982430,1605481200945303931,0,1,107296,T,N,0,250000,1,4,18162,64281,NG:HH G1-H1
1605481200947339345,1605481200945867471,0,1,215785,T,A,0,-32000000,1,4,18473,64290,NGZ0-NGH1
1605481200947515625,1605481200945917949,0,1,111284,T,B,0,2873000000,1,4,17744,64293,NGZ0
1605481200948005632,1605481200945998915,0,1,61550,T,A,0,18250000,1,4,19136,64297,NGH1-HHH1
1605481200949482853,1605481200947028405,0,1,107296,T,N,0,250000,1,4,20312,64306,NG:HH G1-H1
1605481200949482853,1605481200947028405,0,1,215880,T,N,0,75000000,1,4,20312,64306,NGG1-NGH1
1605481200950467187,1605481200949493573,0,1,61251,T,A,0,18250000,1,4,17838,64321,NGG1-HHG1
1605481200950907019,1605481200949521795,0,1,111293,T,B,0,2977000000,1,132,19882,64324,NGG1
1605481200950907019,1605481200949521795,0,1,111291,T,N,0,3008000000,1,4,19882,64324,NGF1
1605481200950907019,1605481200949521795,0,1,15228,T,N,0,31000000,1,4,19882,64324,NGF1-NGG1
1605481200952735183,1605481200949886859,0,1,15228,T,N,0,31000000,1,4,19301,64350,NGF1-NGG1
1605481200952735183,1605481200949886859,0,1,111291,T,N,0,3008000000,1,4,19301,64350,NGF1
1605481200952735183,1605481200949886859,0,1,111293,T,B,0,2977000000,1,132,19301,64350,NGG1
1605481200953319650,1605481200950234697,0,1,24512,T,A,0,104000000,1,4,26197,64353,NGH1-NGJ1
1605481200954899771,1605481200952844627,0,1,24512,T,B,0,104000000,1,4,23918,64373,NGH1-NGJ1
1605481200960969232,1605481200954501883,0,1,215785,T,A,0,-33000000,1,4,21456,64377,NGZ0-NGH1
1605481200961043164,1605481200954534053,0,1,111284,T,B,0,2874000000,1,4,17630,64379,NGZ0
1605481200961223583,1605481200954618231,0,1,61550,T,A,0,18250000,1,4,18081,64382,NGH1-HHH1
1605481200961474479,1605481200954754979,0,1,215785,T,A,0,-33000000,1,4,17570,64385,NGZ0-NGH1
1605481200961516631,1605481200954795427,0,1,111284,T,B,0,2874000000,1,4,22608,64387,NGZ0
1605481200962036038,1605481200954871201,0,1,61550,T,A,0,18250000,1,4,19200,64389,NGH1-HHH1
1605481200962099654,1605481200957422629,0,1,15228,T,A,0,31000000,1,4,25265,64391,NGF1-NGG1
1605481200962099654,1605481200957291051,0,1,215880,T,A,0,75000000,1,4,25265,64391,NGG1-NGH1
1605481200962123018,1605481200957545661,0,1,51363,T,A,0,-135000000,1,4,21349,64392,NGZ0-NGF1
1605481200975299233,1605481200967981317,0,1,111291,T,N,0,3009000000,1,4,28463,64418,NGF1
1605481200975299233,1605481200967981317,0,1,111294,T,B,0,2905000000,1,132,28463,64418,NGH1
1605481200975299233,1605481200967981317,0,1,215879,T,N,0,104000000,1,4,28463,64418,NGF1-NGH1
1605481201013770022,1605481201009982243,0,1,111291,T,B,0,3008000000,1,4,17683,64549,NGF1
1605481201018812877,1605481201018030093,0,1,215785,T,A,0,-33000000,1,4,19197,64578,NGZ0-NGH1
1605481201019988670,1605481201018060409,0,1,111284,T,B,0,2874000000,1,4,18918,64580,NGZ0
1605481201021015489,1605481201018188051,0,1,61550,T,A,0,18250000,1,4,18725,64582,NGH1-HHH1
1605481201030027052,1605481201019221097,0,1,215880,T,A,0,75000000,1,4,23051,64584,NGG1-NGH1
1605481201030157644,1605481201019349263,0,1,15228,T,A,0,31000000,1,4,17824,64586,NGF1-NGG1
1605481201030268800,1605481201019474999,0,1,51363,T,A,0,-135000000,1,4,17233,64588,NGZ0-NGF1
1605481201030897214,1605481201023165897,0,1,215785,T,A,0,-33000000,1,4,19358,64598,NGZ0-NGH1
1605481201030922082,1605481201023270621,0,1,61550,T,A,0,18250000,1,4,18012,64600,NGH1-HHH1
1605481201031199486,1605481201023344949,0,1,111284,T,B,0,2874000000,1,4,17241,64603,NGZ0
1605481201031453917,1605481201024771541,0,1,215880,T,A,0,75000000,1,4,18372,64608,NGG1-NGH1
1605481201031474989,1605481201024904489,0,1,15228,T,A,0,31000000,1,4,19907,64610,NGF1-NGG1
1605481201031509745,1605481201025057741,0,1,51363,T,A,0,-135000000,1,4,20427,64612,NGZ0-NGF1
1605481201031645953,1605481201025314913,0,1,215880,T,A,0,75000000,1,4,17775,64615,NGG1-NGH1
1605481201032176296,1605481201028486937,0,1,215785,T,A,0,-33000000,1,4,18945,64625,NGZ0-NGH1
1605481201032209680,1605481201028562895,0,1,61550,T,A,0,18250000,1,4,17471,64627,NGH1-HHH1
1605481201032332140,1605481201028593957,0,1,111284,T,B,0,2874000000,1,4,19412,64629,NGZ0
1605481201032443499,1605481201029248811,0,1,215880,T,A,0,75000000,2,4,17646,64631,NGG1-NGH1
1605481201032968091,1605481201029810771,0,1,215880,T,A,0,75000000,1,4,20636,64636,NGG1-NGH1
1605481201032968091,1605481201029995993,0,1,15228,T,A,0,31000000,1,4,20636,64636,NGF1-NGG1
1605481201033884469,1605481201030166373,0,1,51363,T,A,0,-135000000,1,4,27640,64637,NGZ0-NGF1
1605481201033884469,1605481201030276731,0,1,51363,T,A,0,-135000000,1,4,27640,64637,NGZ0-NGF1
1605481201034258972,1605481201031749167,0,1,61550,T,N,0,18250000,1,4,18573,64639,NGH1-HHH1
1605481201034258972,1605481201031749167,0,1,111294,T,A,0,2910000000,1,132,18573,64639,NGH1
1605481201035189078,1605481201033708573,0,1,15228,T,N,0,31000000,1,4,18530,64652,NGF1-NGG1
1605481201035189078,1605481201033708573,0,1,111291,T,A,0,3005000000,1,132,18530,64652,NGF1
1605481201035189078,1605481201033708573,0,1,111293,T,N,0,2974000000,1,4,18530,64652,NGG1
1605481201047144656,1605481201044213743,0,1,111291,T,B,0,3009000000,3,4,23107,64670,NGF1
1605481201048892037,1605481201047678127,0,1,215785,T,A,0,-33000000,1,4,18500,64679,NGZ0-NGH1
1605481201049665868,1605481201047779695,0,1,61550,T,A,0,18250000,1,4,17670,64681,NGH1-HHH1
1605481201049964283,1605481201047806815,0,1,111284,T,B,0,2874000000,1,4,18435,64683,NGZ0
1605481201050851389,1605481201047877059,0,1,111293,T,N,0,2978000000,1,4,19548,64685,NGG1
1605481201050851389,1605481201047877059,0,1,111294,T,B,0,2903000000,1,132,19548,64685,NGH1
1605481201050851389,1605481201047877059,0,1,215880,T,N,0,75000000,1,4,19548,64685,NGG1-NGH1
1605481201051450240,1605481201047935359,0,1,61550,T,A,0,18250000,1,4,18109,64690,NGH1-HHH1
1605481201051880172,1605481201049089961,0,1,111294,T,B,0,2903000000,1,132,22237,64692,NGH1
1605481201051880172,1605481201049089961,0,1,24512,T,N,0,104000000,1,4,22237,64692,NGH1-NGJ1
1605481201051880172,1605481201049089961,0,1,111296,T,N,0,2799000000,1,4,22237,64692,NGJ1
1605481201052401619,1605481201049402215,0,1,215880,T,A,0,75000000,1,4,18840,64698,NGG1-NGH1
1605481201054014672,1605481201049556449,0,1,15228,T,A,0,31000000,1,4,18607,64708,NGF1-NGG1
1605481201054047768,1605481201049697071,0,1,51363,T,A,0,-135000000,1,4,22544,64709,NGZ0-NGF1
1605481201056644971,1605481201051888049,0,1,61251,T,B,0,18750000,2,4,27622,64717,NGG1-HHG1
1605481201057644929,1605481201053349831,0,1,111291,T,A,0,3005000000,1,4,18657,64725,NGF1
1605481201058740283,1605481201055147327,0,1,215785,T,A,0,-32000000,1,4,19776,64731,NGZ0-NGH1
1605481201059133622,1605481201055206947,0,1,61550,T,A,0,18250000,1,4,23535,64732,NGH1-HHH1
1605481201059344194,1605481201055254079,0,1,111284,T,B,0,2874000000,1,4,23159,64733,NGZ0
1605481201059467830,1605481201058081671,0,1,215880,T,A,0,75000000,1,4,20553,64737,NGG1-NGH1
1605481201060527467,1605481201058263599,0,1,15228,T,A,0,31000000,1,4,19351,64738,NGF1-NGG1
1605481201061300710,1605481201058421121,0,1,51363,T,A,0,-135000000,1,4,18265,64740,NGZ0-NGF1
1605481201063483934,1605481201060892179,0,1,215785,T,A,0,-34000000,1,4,18966,64746,NGZ0-NGH1
1605481201064485984,1605481201060958221,0,1,61550,T,A,0,18250000,1,4,17510,64748,NGH1-HHH1
1605481201064507004,1605481201060993425,0,1,111284,T,B,0,2874000000,1,4,25428,64749,NGZ0
1605481201074959421,1605481201069278679,0,1,215880,T,N,0,75000000,1,4,18602,64754,NGG1-NGH1
1605481201074959421,1605481201069278679,0,1,111294,T,B,0,2904000000,1,132,18602,64754,NGH1
1605481201074959421,1605481201069278679,0,1,111293,T,N,0,2979000000,1,4,18602,64754,NGG1
1605481201091219535,1605481201089173443,0,1,111284,T,N,0,2870000000,1,4,18766,64775,NGZ0
1605481201091219535,1605481201089173443,0,1,51363,T,N,0,-134000000,1,4,18766,64775,NGZ0-NGF1
1605481201091219535,1605481201089173443,0,1,111291,T,A,0,3004000000,1,132,18766,64775,NGF1
1605481201108024084,1605481201099086985,0,1,111291,T,N,0,3003000000,1,4,20860,64789,NGF1
1605481201108024084,1605481201099086985,0,1,51363,T,N,0,-135000000,1,4,20860,64789,NGZ0-NGF1
1605481201108024084,1605481201099086985,0,1,111284,T,A,0,2870000000,1,4,20860,64789,NGZ0
1605481201108024084,1605481201099086985,0,1,111284,T,A,0,2869000000,1,4,20860,64789,NGZ0
1605481201108024084,1605481201099086985,0,1,111284,T,A,0,2868000000,3,4,20860,64789,NGZ0
1605481201108024084,1605481201099086985,0,1,111284,T,A,0,2867000000,1,4,20860,64789,NGZ0
1605481201199672198,1605481201197417825,0,1,111284,T,B,0,2871000000,1,4,19930,64949,NGZ0
1605481201199672198,1605481201197417825,0,1,111284,T,B,0,2872000000,1,4,19930,64949,NGZ0
1605481201209970255,1605481201200447575,0,1,111291,T,N,0,3006000000,1,4,20715,64968,NGF1
1605481201209970255,1605481201200447575,0,1,111294,T,B,0,2902000000,1,132,20715,64968,NGH1
1605481201209970255,1605481201200447575,0,1,215879,T,N,0,104000000,1,4,20715,64968,NGF1-NGH1
1605481201245604729,1605481201243174865,0,1,111294,T,A,0,2910000000,1,132,21083,65013,NGH1
1605481201245604729,1605481201243174865,0,1,61550,T,N,0,18250000,1,4,21083,65013,NGH1-HHH1
1605481201246212184,1605481201243804395,0,1,215880,T,A,0,75000000,2,4,28042,65014,NGG1-NGH1
1605481201346764265,1605481201345540137,0,1,111294,T,N,0,2901000000,1,4,19371,65056,NGH1
1605481201346764265,1605481201345540137,0,1,111284,T,N,0,2872000000,1,4,19371,65056,NGZ0
1605481201346764265,1605481201345540137,0,1,215785,T,B,0,-29000000,1,4,19371,65056,NGZ0-NGH1
1605481201348514886,1605481201346762225,0,1,111294,T,A,0,2910000000,1,132,19100,65065,NGH1
1605481201348514886,1605481201346762225,0,1,61550,T,N,0,18250000,1,4,19100,65065,NGH1-HHH1
1605481201352257267,1605481201349681459,0,1,61550,T,N,0,18250000,1,4,18478,65133,NGH1-HHH1
1605481201352257267,1605481201349681459,0,1,111294,T,A,0,2910000000,1,132,18478,65133,NGH1
1605481201353271685,1605481201351669281,0,1,111294,T,A,0,2910000000,1,132,19180,65141,NGH1
1605481201353271685,1605481201351669281,0,1,61550,T,N,0,18250000,1,4,19180,65141,NGH1-HHH1
1605481201366198449,1605481201364670471,0,1,111284,T,B,0,2873000000,1,4,18337,65182,NGZ0
1605481201371509120,1605481201370648273,0,1,61550,T,N,0,18250000,1,4,19402,65188,NGH1-HHH1
1605481201371509120,1605481201370648273,0,1,111294,T,N,0,2901000000,1,4,19402,65188,NGH1
1605481201415611066,1605481201413505971,0,1,111284,T,A,0,2871000000,3,4,18223,65283,NGZ0
1605481201447001056,1605481201441481263,0,1,111284,T,A,0,2871000000,1,4,27422,65322,NGZ0
1605481201447001056,1605481201441481263,0,1,111284,T,A,0,2869000000,1,4,27422,65322,NGZ0
1605481201466992619,1605481201466135911,0,1,111284,T,A,0,2869000000,2,4,30975,65345,NGZ0
1605481201466992619,1605481201466135911,0,1,111294,T,N,0,2897000000,1,4,30975,65345,NGH1
1605481201466992619,1605481201466135911,0,1,215785,T,N,0,-28000000,1,4,30975,65345,NGZ0-NGH1
1605481201505657019,1605481201505010977,0,1,111291,T,B,0,3005000000,1,4,22398,65422,NGF1
1605481201561145608,1605481201555041693,0,1,111291,T,N,0,3003000000,1,4,28154,65501,NGF1
1605481201561145608,1605481201555041693,0,1,215785,T,N,0,-28000000,2,4,28154,65501,NGZ0-NGH1
1605481201561145608,1605481201555041693,0,1,111294,T,N,0,2897000000,1,4,28154,65501,NGH1
1605481201561145608,1605481201555041693,0,1,111294,T,N,0,2896000000,1,4,28154,65501,NGH1
1605481201561145608,1605481201555041693,0,1,111284,T,A,0,2869000000,2,4,28154,65501,NGZ0
1605481201561145608,1605481201555041693,0,1,111284,T,A,0,2868000000,2,4,28154,65501,NGZ0
1605481201561145608,1605481201555041693,0,1,51363,T,N,0,-135000000,1,4,28154,65501,NGZ0-NGF1
1605481201561764915,1605481201556270473,0,1,24512,T,A,0,103000000,3,4,25788,65507,NGH1-NGJ1
1605481201561998391,1605481201556279801,0,1,24512,T,A,0,103000000,1,4,19303,65512,NGH1-NGJ1
1605481201562725038,1605481201557966777,0,1,111284,T,A,0,2867000000,1,4,18964,65530,NGZ0
1605481201593187065,1605481201590931951,0,1,111284,T,B,0,2871000000,2,4,31571,65687,NGZ0
1605481201593187065,1605481201590931951,0,1,111284,T,B,0,2872000000,2,4,31571,65687,NGZ0
1605481201593187065,1605481201590931951,0,1,111284,T,B,0,2873000000,3,4,31571,65687,NGZ0
1605481201593187065,1605481201590931951,0,1,111284,T,B,0,2874000000,3,4,31571,65687,NGZ0
1605481201593187065,1605481201590931951,0,1,51363,T,N,0,-134000000,2,4,31571,65687,NGZ0-NGF1
1605481201593187065,1605481201590931951,0,1,111291,T,N,0,3006000000,1,4,31571,65687,NGF1
1605481201593187065,1605481201590931951,0,1,111291,T,N,0,3007000000,1,4,31571,65687,NGF1
1605481201619732500,1605481201618871473,0,1,111291,T,N,0,3003000000,1,4,20104,65770,NGF1
1605481201619732500,1605481201618871473,0,1,51363,T,N,0,-135000000,1,4,20104,65770,NGZ0-NGF1
1605481201619732500,1605481201618871473,0,1,111284,T,A,0,2869000000,2,4,20104,65770,NGZ0
1605481201619732500,1605481201618871473,0,1,111284,T,A,0,2868000000,1,4,20104,65770,NGZ0
1605481201644416230,1605481201643915519,0,1,111284,T,A,0,2868000000,1,4,27033,65811,NGZ0
1605481201680761951,1605481201680298931,0,1,111284,T,A,0,2868000000,1,4,18334,65847,NGZ0
1605481201697612584,1605481201696581439,0,1,158336,T,N,0,-142000000,1,4,20969,65858,NGX1-NGZ1
1605481201697612584,1605481201696581439,0,1,111314,T,A,0,3108000000,2,132,20969,65858,NGZ1
1605481201697612584,1605481201696581439,0,1,111303,T,N,0,2875000000,1,4,20969,65858,NGQ1
1605481201697612584,1605481201696581439,0,1,158324,T,N,0,-233000000,1,4,20969,65858,NGQ1-NGZ1
1605481201697612584,1605481201696581439,0,1,111313,T,N,0,2966000000,1,4,20969,65858,NGX1
1605481201698122619,1605481201697487309,0,1,41958,T,B,0,-36000000,1,4,17985,65867,NGU1-NGV1
1605481201698361866,1605481201697489611,0,1,209631,T,B,0,-75000000,1,4,18986,65869,NGV1-NGX1
1605481201704859430,1605481201703246937,0,1,158324,T,N,0,-232000000,1,4,18532,65934,NGQ1-NGZ1
1605481201704859430,1605481201703246937,0,1,111303,T,N,0,2875000000,1,4,18532,65934,NGQ1
1605481201704859430,1605481201703246937,0,1,111314,T,A,0,3107000000,1,4,18532,65934,NGZ1
1605481201705230914,1605481201703369319,0,1,158336,T,B,0,-141000000,1,4,20358,65940,NGX1-NGZ1
1605481201705321885,1605481201703925111,0,1,282784,T,B,0,15000000,1,4,19247,65946,NGQ1-NGU1
1605481201705359661,1605481201703925387,0,1,41958,T,B,0,-36000000,1,4,17722,65948,NGU1-NGV1
1605481201705399709,1605481201703926027,0,1,209631,T,B,0,-75000000,1,4,17890,65950,NGV1-NGX1
1605481201705436881,1605481201703926675,0,1,158336,T,B,0,-141000000,1,4,17733,65952,NGX1-NGZ1
1605481201714224625,1605481201710174323,0,1,111284,T,B,0,2871000000,1,4,18361,65980,NGZ0
1605481201714577928,1605481201711358711,0,1,111284,T,A,0,2871000000,1,4,18306,65986,NGZ0
1605481201716428585,1605481201716043613,0,1,111284,T,A,0,2871000000,1,4,24015,66005,NGZ0
1605481201769945514,1605481201769281409,0,1,111284,T,B,0,2872000000,2,4,29834,66043,NGZ0
1605481201769945514,1605481201769281409,0,1,111284,T,B,0,2873000000,2,4,29834,66043,NGZ0
1605481201771310583,1605481201770740621,0,1,158336,T,N,0,-141000000,1,4,19940,66061,NGX1-NGZ1
1605481201771310583,1605481201770740621,0,1,111314,T,N,0,3107000000,1,4,19940,66061,NGZ1
1605481201771310583,1605481201770740621,0,1,111313,T,B,0,2966000000,1,132,19940,66061,NGX1
1605481201772106418,1605481201771527321,0,1,111314,T,N,0,3107000000,1,4,19030,66075,NGZ1
1605481201772106418,1605481201771527321,0,1,111284,T,N,0,2871000000,1,4,19030,66075,NGZ0
1605481201772106418,1605481201771527321,0,1,160843,T,A,0,-236000000,1,132,19030,66075,NGZ0-NGZ1
1605481201774978072,1605481201772215217,0,1,111284,T,A,0,2871000000,1,4,18387,66136,NGZ0
1605481201775120416,1605481201772434973,0,1,209631,T,B,0,-74000000,1,4,18333,66140,NGV1-NGX1
1605481201775149364,1605481201772453741,0,1,215785,T,B,0,-24000000,1,4,18377,66142,NGZ0-NGH1
1605481201775190064,1605481201772533983,0,1,24512,T,B,0,103000000,1,4,18273,66144,NGH1-NGJ1
1605481201775247104,1605481201772624985,0,1,41645,T,B,0,-106000000,1,4,23955,66147,NGJ1-NGV1
1605481201775780131,1605481201774185113,0,1,215880,T,B,0,76000000,1,4,17606,66155,NGG1-NGH1
1605481201775825239,1605481201774328381,0,1,15228,T,B,0,32000000,1,4,17393,66157,NGF1-NGG1
1605481201775863315,1605481201774464757,0,1,51363,T,B,0,-134000000,1,4,17283,66159,NGZ0-NGF1
1605481201811264577,1605481201810722165,0,1,111291,T,B,0,3006000000,1,4,20979,66206,NGF1
1605481201842065572,1605481201833366841,0,1,111291,T,N,0,3007000000,1,4,29973,66214,NGF1
1605481201842065572,1605481201833366841,0,1,15228,T,N,0,31000000,1,4,29973,66214,NGF1-NGG1
1605481201842065572,1605481201833366841,0,1,111293,T,B,0,2975000000,2,4,29973,66214,NGG1
1605481201842065572,1605481201833366841,0,1,111293,T,B,0,2976000000,1,4,29973,66214,NGG1
1605481201842065572,1605481201833366841,0,1,111296,T,N,0,2797000000,1,4,29973,66214,NGJ1
1605481201842065572,1605481201833366841,0,1,24463,T,N,0,178000000,1,4,29973,66214,NGG1-NGJ1
1605481201874049389,1605481201871019043,0,1,111284,T,A,0,2869000000,1,4,19396,66257,NGZ0
1605481201878901768,1605481201878527127,0,1,111284,T,A,0,2869000000,2,4,18451,66269,NGZ0
1605481201889287209,1605481201887940147,0,1,111284,T,A,0,2869000000,1,4,20439,66279,NGZ0
1605481201945845684,1605481201945416241,0,1,111291,T,B,0,3006000000,1,4,18413,66336,NGF1
1605481201948250384,1605481201947747127,0,1,111291,T,N,0,3007000000,1,4,19495,66346,NGF1
1605481201948250384,1605481201947747127,0,1,111284,T,B,0,2873000000,1,132,19495,66346,NGZ0
1605481201948250384,1605481201947747127,0,1,51363,T,N,0,-134000000,1,4,19495,66346,NGZ0-NGF1
1605481201952213700,1605481201951820217,0,1,111291,T,B,0,3007000000,1,4,27843,66401,NGF1
1605481202002233644,1605481202001800835,0,1,111284,T,A,0,2871000000,1,4,18200,66480,NGZ0
1605481202029700449,1605481202028362087,0,1,111284,T,A,0,2871000000,2,4,18637,66512,NGZ0
1605481202037403210,1605481202037044563,0,1,111284,T,B,0,2874000000,1,4,18327,66516,NGZ0
1605481202052194567,1605481202051706679,0,1,111284,T,A,0,2871000000,2,4,18643,66520,NGZ0
1605481202060771211,1605481202059423275,0,1,111284,T,A,0,2871000000,1,4,20426,66586,NGZ0
1605481202128957753,1605481202122078173,0,1,111284,T,A,0,2871000000,1,4,20622,66664,NGZ0
1605481202135544297,1605481202134210907,0,1,111284,T,A,0,2871000000,1,4,18682,66667,NGZ0
1605481202250176994,1605481202249563195,0,1,111284,T,B,0,2872000000,1,132,19518,66810,NGZ0
1605481202250176994,1605481202249563195,0,1,111291,T,N,0,3006000000,1,4,19518,66810,NGF1
1605481202250176994,1605481202249563195,0,1,51363,T,N,0,-134000000,1,4,19518,66810,NGZ0-NGF1
1605481202250992716,1605481202250515751,0,1,111291,T,A,0,3005000000,1,4,18358,66818,NGF1
1605481202259953280,1605481202250997863,0,1,111291,T,A,0,3005000000,1,132,18771,66822,NGF1
1605481202259953280,1605481202250997863,0,1,51363,T,N,0,-134000000,1,4,18771,66822,NGZ0-NGF1
1605481202259953280,1605481202250997863,0,1,111284,T,N,0,2871000000,1,4,18771,66822,NGZ0
1605481202260948962,1605481202259043805,0,1,111284,T,A,0,2871000000,1,4,18354,66824,NGZ0
1605481202710808073,1605481202710306145,0,1,111291,T,A,0,3005000000,1,4,19002,66918,NGF1
1605481202813549561,1605481202813154913,0,1,111284,T,A,0,2871000000,1,4,18945,66944,NGZ0
1605481202814033196,1605481202813558177,0,1,111291,T,A,0,3005000000,1,4,18217,66949,NGF1
1605481203249588164,1605481203248677455,0,1,111291,T,B,0,3006000000,3,4,23060,67076,NGF1
1605481203249588164,1605481203248677455,0,1,111291,T,B,0,3007000000,1,4,23060,67076,NGF1
1605481203249588164,1605481203248677455,0,1,111294,T,N,0,2899000000,2,4,23060,67076,NGH1
1605481203249588164,1605481203248677455,0,1,215879,T,N,0,107000000,2,4,23060,67076,NGF1-NGH1
1605481203316633391,1605481203316162481,0,1,111284,T,B,0,2873000000,4,4,21009,67098,NGZ0
1605481203405424071,1605481203404936037,0,1,111284,T,B,0,2872000000,1,4,17708,67205,NGZ0
1605481203405637983,1605481203404964857,0,1,111284,T,B,0,2872000000,1,4,17988,67207,NGZ0
1605481203522358442,1605481203521646351,0,1,111284,T,B,0,2872000000,1,4,18628,67310,NGZ0
1605481203820142755,1605481203819250145,0,1,111284,T,A,0,2871000000,1,4,18981,67357,NGZ0
1605481203828486131,1605481203828038319,0,1,111284,T,B,0,2872000000,1,4,18373,67366,NGZ0
1605481203832785619,1605481203832370035,0,1,111284,T,A,0,2871000000,1,4,18110,67376,NGZ0
1605481203857368434,1605481203856962889,0,1,111284,T,A,0,2871000000,1,4,17820,67381,NGZ0
1605481204005347064,1605481204004785925,0,1,111284,T,B,0,2872000000,1,4,17920,67418,NGZ0
1605481204106520396,1605481204105759739,0,1,111296,T,N,0,2796000000,1,4,28979,67454,NGJ1
1605481204106520396,1605481204105759739,0,1,204979,T,N,0,10000000,1,4,28979,67454,NGJ1-NGK1
1605481204106520396,1605481204105759739,0,1,111298,T,A,0,2786000000,1,132,28979,67454,NGK1
1605481204132558108,1605481204132170759,0,1,111284,T,B,0,2872000000,1,4,18524,67520,NGZ0
1605481204201147253,1605481204199934899,0,1,111284,T,A,0,2871000000,1,4,17618,67571,NGZ0
1605481204201192229,1605481204200181633,0,1,111284,T,A,0,2871000000,1,4,18095,67573,NGZ0
1605481204203019201,1605481204201705657,0,1,111284,T,B,0,2872000000,1,4,17961,67589,NGZ0
1605481204210628391,1605481204210238307,0,1,111284,T,B,0,2872000000,1,4,17575,67603,NGZ0
1605481204393881707,1605481204393494039,0,1,111284,T,B,0,2872000000,1,4,18285,67645,NGZ0
1605481204394265534,1605481204393886931,0,1,111284,T,B,0,2872000000,1,4,17578,67647,NGZ0
1605481204486569783,1605481204486083641,0,1,111284,T,B,0,2872000000,1,4,18323,67670,NGZ0
1605481204543057146,1605481204542386897,0,1,51363,T,B,0,-134000000,5,4,18167,67688,NGZ0-NGF1
1605481204590480078,1605481204589227467,0,1,24512,T,B,0,103000000,7,4,18499,67695,NGH1-NGJ1
1605481204592165835,1605481204590645395,0,1,24512,T,A,0,103000000,1,4,18428,67714,NGH1-NGJ1
1605481204592494318,1605481204590656489,0,1,215880,T,A,0,75000000,1,4,23316,67715,NGG1-NGH1
1605481204718401065,1605481204717539377,0,1,51363,T,B,0,-134000000,5,4,18382,67755,NGZ0-NGF1
1605481204727950307,1605481204727081493,0,1,24512,T,A,0,103000000,2,4,21519,67757,NGH1-NGJ1
1605481204727950307,1605481204727081493,0,1,24512,T,A,0,101000000,3,4,21519,67757,NGH1-NGJ1
1605481204794596731,1605481204793460331,0,1,51363,T,N,0,-134000000,3,4,19548,67869,NGZ0-NGF1
1605481204794596731,1605481204793460331,0,1,111284,T,B,0,2872000000,4,4,19548,67869,NGZ0
1605481204794596731,1605481204793460331,0,1,111291,T,N,0,3006000000,3,4,19548,67869,NGF1
1605481204795309378,1605481204794621005,0,1,111291,T,N,0,3006000000,1,4,18900,67871,NGF1
1605481204795309378,1605481204794621005,0,1,111293,T,B,0,2975000000,1,132,18900,67871,NGG1
1605481204795309378,1605481204794621005,0,1,15228,T,N,0,31000000,1,4,18900,67871,NGF1-NGG1
1605481204882238653,1605481204881375157,0,1,111284,T,B,0,2872000000,1,4,18672,67902,NGZ0
1605481205001235724,1605481205000371397,0,1,111291,T,B,0,3006000000,1,4,17643,67937,NGF1
1605481205046107492,1605481205045688145,0,1,111284,T,B,0,2872000000,1,4,18758,67953,NGZ0
1605481205130930167,1605481205129874773,0,1,111284,T,B,0,2872000000,7,4,19808,67969,NGZ0
1605481205130930167,1605481205129874773,0,1,111291,T,N,0,3006000000,1,4,19808,67969,NGF1
1605481205130930167,1605481205129874773,0,1,51363,T,N,0,-134000000,1,4,19808,67969,NGZ0-NGF1
1605481205133966677,1605481205133573301,0,1,111284,T,B,0,2872000000,1,4,18661,68014,NGZ0
1605481205143793443,1605481205143437729,0,1,111284,T,B,0,2872000000,1,4,17654,68032,NGZ0
1605481205189591254,1605481205188985199,0,1,111284,T,B,0,2872000000,5,4,18897,68038,NGZ0
1605481205190056685,1605481205189632169,0,1,111284,T,B,0,2872000000,1,4,17784,68041,NGZ0
1605481205216306021,1605481205215729423,0,1,51363,T,B,0,-134000000,5,4,19648,68047,NGZ0-NGF1
1605481205438695416,1605481205438181035,0,1,121372,T,A,0,-38000000,1,4,18545,68104,NGK1-NGM1
1605481205488953627,1605481205488242805,0,1,51363,T,N,0,-135000000,2,4,19820,68107,NGZ0-NGF1
1605481205488953627,1605481205488242805,0,1,111284,T,N,0,2872000000,2,4,19820,68107,NGZ0
1605481205488953627,1605481205488242805,0,1,111291,T,B,0,3007000000,2,132,19820,68107,NGF1
1605481205751890491,1605481205751387135,0,1,111284,T,B,0,2872000000,1,4,17865,68136,NGZ0
1605481205865591064,1605481205864992275,0,1,111284,T,B,0,2872000000,4,4,18950,68146,NGZ0
1605481206213104728,1605481206211520523,0,1,111284,T,A,0,2871000000,4,4,26511,68178,NGZ0
1605481206213104728,1605481206211520523,0,1,111284,T,A,0,2870000000,5,4,26511,68178,NGZ0
1605481206213104728,1605481206211520523,0,1,111284,T,A,0,2869000000,12,4,26511,68178,NGZ0
1605481206213104728,1605481206211520523,0,1,111291,T,N,0,3006000000,2,4,26511,68178,NGF1
1605481206213104728,1605481206211520523,0,1,111291,T,N,0,3005000000,3,4,26511,68178,NGF1
1605481206213104728,1605481206211520523,0,1,51363,T,N,0,-135000000,5,4,26511,68178,NGZ0-NGF1
1605481206232539368,1605481206231182553,0,1,111291,T,A,0,3006000000,1,4,18863,68272,NGF1
1605481206430584960,1605481206426706143,0,1,111284,T,B,0,2871000000,1,4,19640,68326,NGZ0
1605481206430584960,1605481206426706143,0,1,111284,T,B,0,2872000000,9,4,19640,68326,NGZ0
1605481206656545724,1605481206656007409,0,1,111291,T,B,0,3007000000,1,4,18177,68368,NGF1
1605481206695587796,1605481206694753133,0,1,51363,T,B,0,-134000000,4,4,18350,68376,NGZ0-NGF1
1605481206716270502,1605481206714208939,0,1,51363,T,N,0,-134000000,4,4,20509,68427,NGZ0-NGF1
1605481206716270502,1605481206714208939,0,1,111291,T,N,0,3005000000,1,4,20509,68427,NGF1
1605481206716270502,1605481206714208939,0,1,111291,T,N,0,3004000000,3,4,20509,68427,NGF1
1605481206716270502,1605481206714208939,0,1,111284,T,A,0,2871000000,1,4,20509,68427,NGZ0
1605481206716270502,1605481206714208939,0,1,111284,T,A,0,2870000000,6,4,20509,68427,NGZ0
1605481206716270502,1605481206714208939,0,1,111284,T,A,0,2869000000,2,4,20509,68427,NGZ0
1605481206809849950,1605481206809109337,0,1,111284,T,B,0,2872000000,4,4,18502,68655,NGZ0
1605481207089264911,1605481207088777147,0,1,111284,T,A,0,2870000000,4,4,17674,68691,NGZ0
1605481207579787680,1605481207579387441,0,1,111284,T,B,0,2871000000,1,4,18461,68791,NGZ0
1605481207741373091,1605481207740940853,0,1,111296,T,B,0,2797000000,1,4,17725,68852,NGJ1
1605481207778167663,1605481207777019471,0,1,111284,T,A,0,2870000000,3,4,20364,68880,NGZ0
1605481207778167663,1605481207777019471,0,1,111284,T,A,0,2869000000,4,4,20364,68880,NGZ0
1605481207778167663,1605481207777019471,0,1,111284,T,A,0,2868000000,3,4,20364,68880,NGZ0
1605481207778167663,1605481207777019471,0,1,111291,T,N,0,3003000000,1,4,20364,68880,NGF1
1605481207778167663,1605481207777019471,0,1,51363,T,N,0,-134000000,1,4,20364,68880,NGZ0-NGF1
1605481207779963455,1605481207779615879,0,1,111284,T,A,0,2870000000,1,4,17922,68913,NGZ0
1605481207917235976,1605481207916847729,0,1,111284,T,A,0,2869000000,1,4,18099,68943,NGZ0
1605481207954594466,1605481207954068251,0,1,24512,T,A,0,102000000,1,4,18285,68948,NGH1-NGJ1
1605481208128854922,1605481208128437453,0,1,111284,T,A,0,2869000000,1,4,18136,69109,NGZ0
1605481208234182174,1605481208233805075,0,1,111284,T,A,0,2869000000,1,4,18268,69121,NGZ0
1605481208449031450,1605481208448632597,0,1,111284,T,A,0,2869000000,1,4,17660,69130,NGZ0
1605481208559206761,1605481208557854615,0,1,111284,T,A,0,2868000000,1,4,17910,69192,NGZ0
1605481208677330329,1605481208676930435,0,1,111284,T,A,0,2869000000,1,4,18630,69208,NGZ0
1605481208725585036,1605481208724612079,0,1,111284,T,A,0,2869000000,1,4,19306,69238,NGZ0
1605481208725585036,1605481208724612079,0,1,111284,T,A,0,2868000000,3,4,19306,69238,NGZ0
1605481208725585036,1605481208724612079,0,1,51363,T,N,0,-134000000,2,4,19306,69238,NGZ0-NGF1
1605481208725585036,1605481208724612079,0,1,111291,T,N,0,3002000000,2,4,19306,69238,NGF1
1605481208726918569,1605481208726558409,0,1,111291,T,A,0,3002000000,1,4,18196,69260,NGF1
1605481208727987083,1605481208727280975,0,1,111293,T,A,0,2971000000,1,4,19554,69284,NGG1
1605481208728500386,1605481208727862023,0,1,111296,T,N,0,2794000000,1,4,18268,69296,NGJ1
1605481208728500386,1605481208727862023,0,1,111298,T,A,0,2784000000,1,132,18268,69296,NGK1
1605481208728500386,1605481208727862023,0,1,204979,T,N,0,10000000,1,4,18268,69296,NGJ1-NGK1
1605481208729937480,1605481208728509859,0,1,204979,T,B,0,10000000,1,4,18903,69328,NGJ1-NGK1
1605481208730012143,1605481208728523665,0,1,24512,T,B,0,102000000,3,4,18745,69332,NGH1-NGJ1
1605481208730061387,1605481208728530809,0,1,24512,T,B,0,102000000,3,4,17625,69335,NGH1-NGJ1
1605481209770044371,1605481209769559659,0,1,111284,T,B,0,2871000000,1,4,18118,69710,NGZ0
1605481209777993420,1605481209777599617,0,1,111291,T,A,0,3004000000,1,4,17749,69714,NGF1
1605481209793858467,1605481209793521545,0,1,111291,T,B,0,3005000000,1,4,17883,69730,NGF1
1605481209968531580,1605481209968107477,0,1,111284,T,B,0,2871000000,1,4,17648,69799,NGZ0
1605481210039707302,1605481210039322675,0,1,111284,T,A,0,2871000000,1,4,18769,69824,NGZ0
1605481210040117665,1605481210039712533,0,1,111284,T,A,0,2871000000,2,4,17656,69826,NGZ0
1605481210094112546,1605481210093558901,0,1,111284,T,A,0,2871000000,1,4,17993,69874,NGZ0
1605481210228522024,1605481210227980659,0,1,24512,T,B,0,102000000,3,4,18058,69889,NGH1-NGJ1
1605481210229616730,1605481210228942051,0,1,111291,T,N,0,3005000000,1,4,23152,69906,NGF1
1605481210229616730,1605481210228942051,0,1,111296,T,A,0,2795000000,1,132,23152,69906,NGJ1
1605481210229616730,1605481210228942051,0,1,24441,T,N,0,210000000,1,4,23152,69906,NGF1-NGJ1
1605481210262598921,1605481210261628181,0,1,111296,T,B,0,2796000000,2,4,19340,70070,NGJ1
1605481210262598921,1605481210261628181,0,1,204979,T,N,0,11000000,1,4,19340,70070,NGJ1-NGK1
1605481210262598921,1605481210261628181,0,1,111298,T,N,0,2785000000,1,4,19340,70070,NGK1
1605481210263888690,1605481210262671859,0,1,15228,T,B,0,32000000,1,4,17168,70098,NGF1-NGG1
1605481210264012306,1605481210262881645,0,1,111296,T,A,0,2796000000,4,4,17670,70105,NGJ1
1605481210266080450,1605481210265394195,0,1,111298,T,A,0,2786000000,1,4,23818,70150,NGK1
1605481210438322869,1605481210437805175,0,1,121372,T,A,0,-38000000,1,4,18285,70288,NGK1-NGM1
1605481210467752163,1605481210466401591,0,1,111291,T,N,0,3006000000,1,4,20933,70291,NGF1
1605481210467752163,1605481210466401591,0,1,111291,T,N,0,3007000000,3,4,20933,70291,NGF1
1605481210467752163,1605481210466401591,0,1,111284,T,B,0,2872000000,1,4,20933,70291,NGZ0
1605481210467752163,1605481210466401591,0,1,111284,T,B,0,2873000000,1,4,20933,70291,NGZ0
1605481210467752163,1605481210466401591,0,1,111284,T,B,0,2874000000,23,4,20933,70291,NGZ0
1605481210467752163,1605481210466401591,0,1,51363,T,N,0,-133000000,4,4,20933,70291,NGZ0-NGF1
1605481210472248738,1605481210470159269,0,1,111293,T,B,0,2975000000,1,4,19192,70400,NGG1
1605481210478917798,1605481210477622039,0,1,15228,T,B,0,32000000,7,4,17725,70557,NGF1-NGG1
1605481210630153423,1605481210628585525,0,1,51363,T,N,0,-134000000,2,4,19663,70689,NGZ0-NGF1
1605481210630153423,1605481210628585525,0,1,111284,T,A,0,2874000000,6,4,19663,70689,NGZ0
1605481210630153423,1605481210628585525,0,1,111284,T,A,0,2873000000,2,4,19663,70689,NGZ0
1605481210630153423,1605481210628585525,0,1,111291,T,N,0,3007000000,2,4,19663,70689,NGF1
1605481210907404856,1605481210906856739,0,1,111284,T,B,0,2874000000,1,4,17943,70882,NGZ0
1605481210908348418,1605481210907977767,0,1,111291,T,B,0,3008000000,6,4,17792,70892,NGF1
1605481210908650778,1605481210908301861,0,1,111291,T,B,0,3008000000,1,4,17871,70895,NGF1
1605481210909307285,1605481210908439069,0,1,111291,T,B,0,3008000000,3,4,23403,70912,NGF1
1605481210909639036,1605481210909171597,0,1,111291,T,B,0,3008000000,1,4,18308,70918,NGF1
1605481210910117943,1605481210909529179,0,1,111293,T,B,0,2976000000,1,4,18941,70927,NGG1
1605481210910444718,1605481210909760817,0,1,111291,T,B,0,3008000000,1,4,19220,70937,NGF1
1605481210910675642,1605481210910116941,0,1,111291,T,N,0,3008000000,1,4,18498,70939,NGF1
1605481210910675642,1605481210910116941,0,1,111293,T,B,0,2976000000,1,132,18498,70939,NGG1
1605481210910675642,1605481210910116941,0,1,15228,T,N,0,32000000,1,4,18498,70939,NGF1-NGG1
1605481210911009757,1605481210910175041,0,1,15228,T,N,0,32000000,1,4,19038,70943,NGF1-NGG1
1605481210911009757,1605481210910175041,0,1,111293,T,B,0,2976000000,1,132,19038,70943,NGG1
1605481210911009757,1605481210910175041,0,1,111291,T,N,0,3008000000,1,4,19038,70943,NGF1
1605481210911125777,1605481210910258293,0,1,111291,T,B,0,3008000000,1,4,18008,70946,NGF1
1605481210911350849,1605481210911035545,0,1,111291,T,B,0,3008000000,2,4,17527,70950,NGF1
1605481210966826959,1605481210966467321,0,1,111291,T,B,0,3008000000,3,4,17828,70957,NGF1
1605481211183961974,1605481211183543153,0,1,111284,T,B,0,2875000000,4,4,18521,71076,NGZ0
1605481211184885037,1605481211184108325,0,1,111284,T,B,0,2877000000,6,4,26606,71101,NGZ0
1605481211184885037,1605481211184108325,0,1,111284,T,B,0,2878000000,14,4,26606,71101,NGZ0
1605481211189820364,1605481211186333373,0,1,51363,T,B,0,-133000000,8,4,17502,71218,NGZ0-NGF1
1605481211191399145,1605481211188022263,0,1,111284,T,B,0,2877000000,1,4,19100,71258,NGZ0
1605481211191568800,1605481211188484885,0,1,111284,T,B,0,2877000000,1,4,17903,71264,NGZ0
1605481211192425899,1605481211190073707,0,1,111284,T,B,0,2877000000,1,4,17391,71283,NGZ0
1605481211192907098,1605481211191530369,0,1,111284,T,B,0,2877000000,1,4,18427,71293,NGZ0
1605481211192928494,1605481211191697993,0,1,111284,T,A,0,2876000000,2,4,17657,71295,NGZ0
1605481211193301701,1605481211191879205,0,1,111284,T,B,0,2877000000,1,4,18744,71304,NGZ0
1605481211203672494,1605481211203168399,0,1,111284,T,A,0,2876000000,1,4,17513,71431,NGZ0
1605481211204093741,1605481211203700215,0,1,111291,T,A,0,3009000000,1,4,17852,71440,NGF1
1605481211204720712,1605481211204099015,0,1,111291,T,A,0,3009000000,1,132,18450,71451,NGF1
1605481211204720712,1605481211204099015,0,1,111293,T,N,0,2977000000,1,4,18450,71451,NGG1
1605481211204720712,1605481211204099015,0,1,15228,T,N,0,32000000,1,4,18450,71451,NGF1-NGG1
1605481211501724109,1605481211501303815,0,1,111284,T,B,0,2876000000,1,4,17466,71510,NGZ0
1605481211502448627,1605481211502016441,0,1,111284,T,B,0,2876000000,1,4,17483,71517,NGZ0
1605481211502901542,1605481211502493829,0,1,111284,T,A,0,2875000000,2,4,18451,71521,NGZ0
1605481211503697505,1605481211503242909,0,1,111284,T,B,0,2875000000,1,4,17928,71534,NGZ0
1605481211503905497,1605481211503282965,0,1,111284,T,B,0,2875000000,1,4,18180,71537,NGZ0
1605481211505861553,1605481211505108953,0,1,111284,T,B,0,2876000000,1,4,17775,71558,NGZ0
1605481211697363046,1605481211697020233,0,1,111284,T,A,0,2876000000,1,4,17410,71602,NGZ0
1605481211710630238,1605481211710176237,0,1,111284,T,B,0,2877000000,4,4,18279,71615,NGZ0
1605481211711181889,1605481211710700773,0,1,111284,T,B,0,2877000000,1,4,19101,71623,NGZ0
1605481211754906829,1605481211754508719,0,1,111284,T,A,0,2876000000,1,4,17990,71629,NGZ0
1605481211871485888,1605481211871059761,0,1,111284,T,B,0,2877000000,7,4,18388,71646,NGZ0
1605481211872161494,1605481211871551797,0,1,111284,T,B,0,2877000000,2,4,18389,71658,NGZ0
1605481211873264269,1605481211872570389,0,1,51363,T,B,0,-133000000,8,4,17612,71680,NGZ0-NGF1
1605481211873935487,1605481211873585715,0,1,111284,T,B,0,2878000000,1,4,18102,71696,NGZ0
1605481211875792008,1605481211874989853,0,1,111284,T,B,0,2878000000,1,4,17622,71729,NGZ0
1605481211876249963,1605481211875853763,0,1,111284,T,B,0,2878000000,1,4,26537,71736,NGZ0
1605481212073982969,1605481212071006991,0,1,24441,T,B,0,209000000,1,4,17738,71907,NGF1-NGJ1
1605481212074244081,1605481212071461275,0,1,111298,T,N,0,2793000000,1,4,18417,71912,NGK1
1605481212074244081,1605481212071461275,0,1,111296,T,B,0,2803000000,1,4,18417,71912,NGJ1
1605481212074244081,1605481212071461275,0,1,204979,T,N,0,10000000,1,4,18417,71912,NGJ1-NGK1
1605481212075932189,1605481212073534437,0,1,111296,T,A,0,2803000000,1,4,22160,71950,NGJ1
1605481212078422437,1605481212074522063,0,1,111296,T,B,0,2804000000,1,4,17942,71999,NGJ1
1605481212138384575,1605481212138018877,0,1,111284,T,B,0,2878000000,4,4,19849,72109,NGZ0
1605481212138767026,1605481212138450637,0,1,111284,T,B,0,2878000000,1,4,17258,72113,NGZ0
1605481212139070046,1605481212138740585,0,1,111284,T,B,0,2878000000,1,4,18572,72115,NGZ0
1605481212172414917,1605481212171825581,0,1,24441,T,B,0,208000000,1,4,18322,72135,NGF1-NGJ1
1605481212172620224,1605481212171909497,0,1,215879,T,A,0,107000000,1,4,18610,72137,NGF1-NGH1
1605481212173260843,1605481212172259637,0,1,15228,T,A,0,32000000,1,4,17531,72154,NGF1-NGG1
1605481212173307595,1605481212172264047,0,1,215880,T,A,0,75000000,1,4,20717,72156,NGG1-NGH1
1605481212173470015,1605481212172267049,0,1,24512,T,A,0,102000000,1,4,18081,72158,NGH1-NGJ1
1605481212554475048,1605481212553851507,0,1,51363,T,B,0,-133000000,6,4,19251,72451,NGZ0-NGF1
1605481212584794197,1605481212583603613,0,1,121372,T,A,0,-38000000,4,4,19713,72491,NGK1-NGM1
1605481212584794197,1605481212583603613,0,1,121372,T,A,0,-39000000,4,4,19713,72491,NGK1-NGM1
1605481212685420924,1605481212684834667,0,1,24441,T,B,0,209000000,1,132,17981,72525,NGF1-NGJ1
1605481212685420924,1605481212684834667,0,1,111296,T,N,0,2802000000,1,4,17981,72525,NGJ1
1605481212685420924,1605481212684834667,0,1,111291,T,N,0,3011000000,1,4,17981,72525,NGF1
1605481212686270715,1605481212685683473,0,1,24441,T,B,0,208000000,1,4,18056,72539,NGF1-NGJ1
1605481212686561590,1605481212685754179,0,1,215879,T,A,0,107000000,1,4,18344,72541,NGF1-NGH1
1605481212686692106,1605481212685757867,0,1,24512,T,A,0,102000000,1,4,17500,72543,NGH1-NGJ1
1605481212687035229,1605481212685853921,0,1,24512,T,N,0,102000000,1,4,18359,72547,NGH1-NGJ1
1605481212687035229,1605481212685853921,0,1,111296,T,N,0,2802000000,1,4,18359,72547,NGJ1
1605481212687035229,1605481212685853921,0,1,111294,T,A,0,2904000000,1,4,18359,72547,NGH1
1605481212687310141,1605481212686121217,0,1,15228,T,A,0,32000000,1,4,18477,72553,NGF1-NGG1
1605481212687575460,1605481212686124421,0,1,215880,T,A,0,75000000,1,4,17453,72555,NGG1-NGH1
1605481212688281799,1605481212686127179,0,1,24512,T,A,0,102000000,1,4,18443,72557,NGH1-NGJ1
1605481212688514430,1605481212686347589,0,1,111296,T,N,0,2802000000,1,4,17708,72565,NGJ1
1605481212688514430,1605481212686347589,0,1,24441,T,B,0,209000000,1,132,17708,72565,NGF1-NGJ1
1605481212688514430,1605481212686347589,0,1,111291,T,N,0,3011000000,1,4,17708,72565,NGF1
1605481212688776130,1605481212686701953,0,1,24512,T,A,0,102000000,1,4,20694,72571,NGH1-NGJ1
1605481212689307437,1605481212687276765,0,1,111296,T,A,0,2803000000,2,132,17728,72582,NGJ1
1605481212689307437,1605481212687276765,0,1,204979,T,N,0,9000000,2,4,17728,72582,NGJ1-NGK1
1605481212689307437,1605481212687276765,0,1,111298,T,N,0,2794000000,2,4,17728,72582,NGK1
1605481212689828392,1605481212688718527,0,1,24512,T,A,0,102000000,2,4,28497,72601,NGH1-NGJ1
1605481212690144199,1605481212688737497,0,1,204979,T,A,0,9000000,1,4,25099,72609,NGJ1-NGK1
1605481212691251365,1605481212689507805,0,1,24512,T,A,0,101000000,3,4,19974,72641,NGH1-NGJ1
1605481212721441734,1605481212715205311,0,1,111284,T,B,0,2878000000,3,4,18603,72812,NGZ0
1605481212721441734,1605481212715205311,0,1,111284,T,B,0,2879000000,1,4,18603,72812,NGZ0
1605481212724712832,1605481212722715237,0,1,111284,T,A,0,2877000000,2,4,18698,72892,NGZ0
1605481212724712832,1605481212722715237,0,1,111284,T,A,0,2876000000,2,4,18698,72892,NGZ0
1605481212724712832,1605481212722715237,0,1,111291,T,N,0,3010000000,2,4,18698,72892,NGF1
1605481212724712832,1605481212722715237,0,1,51363,T,N,0,-133000000,2,4,18698,72892,NGZ0-NGF1
1605481212738940858,1605481212738390953,0,1,111284,T,A,0,2877000000,3,4,18508,72964,NGZ0
1605481212739906284,1605481212739311143,0,1,111291,T,A,0,3010000000,1,132,19262,72980,NGF1
1605481212739906284,1605481212739311143,0,1,111296,T,N,0,2802000000,1,4,19262,72980,NGJ1
1605481212739906284,1605481212739311143,0,1,24441,T,N,0,208000000,1,4,19262,72980,NGF1-NGJ1
1605481212741318370,1605481212740895115,0,1,111284,T,A,0,2877000000,1,4,17612,73012,NGZ0
1605481212751899206,1605481212751502655,0,1,111284,T,B,0,2878000000,1,4,18681,73058,NGZ0
1605481212808971978,1605481212808595433,0,1,111284,T,B,0,2878000000,2,4,18089,73080,NGZ0
1605481212809652904,1605481212809292309,0,1,111284,T,A,0,2877000000,1,4,17476,73091,NGZ0
1605481212862390792,1605481212861899987,0,1,111284,T,A,0,2877000000,1,4,17948,73150,NGZ0
1605481213001390697,1605481213000987709,0,1,111284,T,A,0,2877000000,2,4,18240,73212,NGZ0
1605481213005298274,1605481213004857719,0,1,111284,T,A,0,2877000000,1,4,17822,73241,NGZ0
1605481213163074780,1605481213162570671,0,1,111284,T,A,0,2877000000,1,4,18727,73324,NGZ0
1605481213253616130,1605481213253242441,0,1,111284,T,A,0,2877000000,1,4,18017,73382,NGZ0
1605481213642420444,1605481213641957961,0,1,111284,T,A,0,2876000000,4,4,19703,73418,NGZ0
1605481213649128407,1605481213648056105,0,1,111298,T,A,0,2793000000,2,4,21385,73560,NGK1
1605481213816006369,1605481213815583579,0,1,111284,T,A,0,2875000000,3,4,18146,73703,NGZ0
1605481213817619702,1605481213817287185,0,1,111284,T,B,0,2876000000,1,4,17286,73714,NGZ0
1605481214304389754,1605481214303893975,0,1,111284,T,A,0,2874000000,2,4,18734,73773,NGZ0
1605481214305252232,1605481214304770105,0,1,111284,T,A,0,2874000000,2,4,18090,73780,NGZ0
1605481214306046427,1605481214305294573,0,1,111291,T,A,0,3008000000,1,132,18485,73786,NGF1
1605481214306046427,1605481214305294573,0,1,15228,T,N,0,32000000,1,4,18485,73786,NGF1-NGG1
1605481214306046427,1605481214305294573,0,1,111293,T,N,0,2976000000,1,4,18485,73786,NGG1
1605481214306539110,1605481214306058757,0,1,111296,T,A,0,2803000000,2,4,18072,73795,NGJ1
1605481214418087838,1605481214417706997,0,1,111284,T,B,0,2875000000,1,4,17582,73855,NGZ0
1605481214494182184,1605481214493606023,0,1,111284,T,A,0,2874000000,1,132,19341,73860,NGZ0
1605481214494182184,1605481214493606023,0,1,111291,T,N,0,3007000000,1,4,19341,73860,NGF1
1605481214494182184,1605481214493606023,0,1,51363,T,N,0,-133000000,1,4,19341,73860,NGZ0-NGF1
1605481214527229379,1605481214526512415,0,1,204979,T,A,0,9000000,2,4,18302,73867,NGJ1-NGK1
1605481214641418042,1605481214640644409,0,1,51363,T,N,0,-133000000,2,4,19013,73958,NGZ0-NGF1
1605481214641418042,1605481214640644409,0,1,111291,T,N,0,3007000000,2,4,19013,73958,NGF1
1605481214641418042,1605481214640644409,0,1,111284,T,A,0,2874000000,4,4,19013,73958,NGZ0
1605481214642154793,1605481214641817025,0,1,111291,T,A,0,3007000000,2,4,17722,73970,NGF1
1605481214644175377,1605481214643660941,0,1,111296,T,N,0,2802000000,2,4,19066,73983,NGJ1
1605481214644175377,1605481214643660941,0,1,24512,T,N,0,100000000,2,4,19066,73983,NGH1-NGJ1
1605481214644175377,1605481214643660941,0,1,111294,T,A,0,2902000000,2,132,19066,73983,NGH1
1605481214821690975,1605481214821178765,0,1,51363,T,A,0,-133000000,7,4,18045,74071,NGZ0-NGF1
1605481214874821236,1605481214874432921,0,1,111284,T,B,0,2875000000,2,4,17845,74077,NGZ0
1605481215005340729,1605481215003596663,0,1,111284,T,A,0,2873000000,5,4,19442,74086,NGZ0
1605481215005340729,1605481215003596663,0,1,51363,T,N,0,-133000000,1,4,19442,74086,NGZ0-NGF1
1605481215005340729,1605481215003596663,0,1,111291,T,N,0,3006000000,1,4,19442,74086,NGF1
1605481215006831334,1605481215006173105,0,1,111291,T,A,0,3007000000,1,132,18474,74112,NGF1
1605481215006831334,1605481215006173105,0,1,111294,T,N,0,2900000000,1,4,18474,74112,NGH1
1605481215006831334,1605481215006173105,0,1,215879,T,N,0,107000000,1,4,18474,74112,NGF1-NGH1
1605481215022669812,1605481215021698527,0,1,121372,T,A,0,-39000000,4,4,19039,74190,NGK1-NGM1
1605481215022669812,1605481215021698527,0,1,121372,T,A,0,-40000000,4,4,19039,74190,NGK1-NGM1
1605481215022732180,1605481215022133299,0,1,10746,T,A,0,-58000000,8,4,17925,74192,NGM1-NGQ1
1605481215058995705,1605481215057523981,0,1,111296,T,N,0,2801000000,2,4,23920,74207,NGJ1
1605481215058995705,1605481215057523981,0,1,111296,T,N,0,2799000000,2,4,23920,74207,NGJ1
1605481215058995705,1605481215057523981,0,1,111296,T,N,0,2797000000,3,4,23920,74207,NGJ1
1605481215058995705,1605481215057523981,0,1,41645,T,N,0,-105000000,7,4,23920,74207,NGJ1-NGV1
1605481215058995705,1605481215057523981,0,1,111311,T,A,0,2906000000,2,4,23920,74207,NGV1
1605481215058995705,1605481215057523981,0,1,111311,T,A,0,2904000000,2,4,23920,74207,NGV1
1605481215058995705,1605481215057523981,0,1,111311,T,A,0,2902000000,3,4,23920,74207,NGV1
1605481215058995705,1605481215057523981,0,1,111311,T,A,0,2901000000,1,4,23920,74207,NGV1
1605481215108080889,1605481215107553259,0,1,111291,T,B,0,3007000000,1,132,18760,74269,NGF1
1605481215108080889,1605481215107553259,0,1,51363,T,N,0,-133000000,1,4,18760,74269,NGZ0-NGF1
1605481215108080889,1605481215107553259,0,1,111284,T,N,0,2874000000,1,4,18760,74269,NGZ0
1605481215231558865,1605481215231064909,0,1,15228,T,B,0,33000000,1,4,18328,74337,NGF1-NGG1
1605481215255534481,1605481215254152187,0,1,111284,T,B,0,2874000000,3,4,20110,74342,NGZ0
1605481215255534481,1605481215254152187,0,1,111284,T,B,0,2875000000,1,4,20110,74342,NGZ0
1605481215255534481,1605481215254152187,0,1,111284,T,B,0,2876000000,13,4,20110,74342,NGZ0
1605481215255534481,1605481215254152187,0,1,111284,T,B,0,2877000000,4,4,20110,74342,NGZ0
1605481215255555493,1605481215254152187,0,1,111284,T,B,0,2878000000,1,4,22581,74343,NGZ0
1605481215421899403,1605481215420774787,0,1,204979,T,A,0,8000000,1,4,18516,74499,NGJ1-NGK1
1605481215524168943,1605481215523082473,0,1,111284,T,A,0,2875000000,2,4,18754,74653,NGZ0
1605481215524168943,1605481215523082473,0,1,51363,T,N,0,-133000000,1,4,18754,74653,NGZ0-NGF1
1605481215524168943,1605481215523082473,0,1,111291,T,N,0,3008000000,1,4,18754,74653,NGF1
1605481215927601717,1605481215927146151,0,1,111284,T,A,0,2875000000,1,4,18344,74722,NGZ0
1605481216160550489,1605481216159948767,0,1,111284,T,A,0,2874000000,1,4,17141,74910,NGZ0
1605481216161986671,1605481216160681553,0,1,111284,T,A,0,2874000000,1,4,20482,74921,NGZ0
1605481216215648097,1605481216215238147,0,1,111284,T,B,0,2876000000,1,4,19114,74965,NGZ0
1605481216892757885,1605481216892090947,0,1,111284,T,N,0,2876000000,1,4,28067,75047,NGZ0
1605481216892757885,1605481216892090947,0,1,111291,T,B,0,3009000000,1,132,28067,75047,NGF1
1605481216892757885,1605481216892090947,0,1,51363,T,N,0,-133000000,1,4,28067,75047,NGZ0-NGF1
1605481216902279083,1605481216901594729,0,1,111284,T,B,0,2876000000,3,4,19475,75053,NGZ0
1605481216902279083,1605481216901594729,0,1,111284,T,B,0,2877000000,4,4,19475,75053,NGZ0
1605481216914677377,1605481216914312675,0,1,111284,T,A,0,2877000000,1,4,18254,75128,NGZ0
1605481216930671716,1605481216930306307,0,1,111284,T,A,0,2877000000,1,4,18024,75133,NGZ0
1605481217053467048,1605481217052762009,0,1,111284,T,A,0,2877000000,7,4,18086,75166,NGZ0
1605481217170493479,1605481217169922731,0,1,51363,T,A,0,-133000000,7,4,18541,75187,NGZ0-NGF1
1605481217623998191,1605481217623587273,0,1,111284,T,B,0,2878000000,1,4,17988,75200,NGZ0
1605481217652389194,1605481217651832953,0,1,111296,T,B,0,2802000000,1,4,23387,75244,NGJ1
1605481217973365473,1605481217972943679,0,1,111296,T,A,0,2802000000,1,4,17715,75373,NGJ1
1605481218075419331,1605481218075053215,0,1,111284,T,B,0,2878000000,1,4,18175,75395,NGZ0
1605481218113919023,1605481218113481105,0,1,111284,T,B,0,2878000000,3,4,18137,75403,NGZ0
1605481218114308903,1605481218113989479,0,1,111284,T,B,0,2878000000,2,4,20082,75407,NGZ0
1605481218125756670,1605481218125424825,0,1,111284,T,B,0,2878000000,3,4,17632,75420,NGZ0
1605481218170729750,1605481218169703983,0,1,111284,T,N,0,2877000000,3,4,19533,75449,NGZ0
1605481218170729750,1605481218169703983,0,1,51363,T,N,0,-132000000,3,4,19533,75449,NGZ0-NGF1
1605481218170729750,1605481218169703983,0,1,111291,T,A,0,3010000000,1,4,19533,75449,NGF1
1605481218170729750,1605481218169703983,0,1,111291,T,A,0,3009000000,4,4,19533,75449,NGF1
1605481218335726507,1605481218335341267,0,1,111284,T,B,0,2878000000,1,4,17977,75485,NGZ0
1605481218763293717,1605481218762485847,0,1,111284,T,A,0,2877000000,10,4,19188,75509,NGZ0
1605481218764530118,1605481218764162913,0,1,111284,T,A,0,2877000000,2,4,17913,75528,NGZ0
1605481218766854434,1605481218766426771,0,1,111284,T,A,0,2876000000,3,4,19085,75566,NGZ0
1605481218767718420,1605481218767091685,0,1,111284,T,A,0,2876000000,2,4,19327,75583,NGZ0
1605481219500824573,1605481219500214323,0,1,111284,T,B,0,2876000000,1,4,18635,75679,NGZ0
1605481219632655374,1605481219632289425,0,1,111291,T,A,0,3009000000,2,4,19298,75692,NGF1
1605481220252392682,1605481220251925021,0,1,111284,T,B,0,2876000000,1,4,23564,75747,NGZ0
1605481220253418804,1605481220252989389,0,1,111284,T,A,0,2876000000,1,4,20645,75760,NGZ0
1605481220253951147,1605481220253452339,0,1,111284,T,A,0,2876000000,1,4,19235,75773,NGZ0
1605481220509225632,1605481220508824065,0,1,111284,T,B,0,2876000000,1,4,17443,75800,NGZ0
1605481220602518076,1605481220601538151,0,1,51363,T,A,0,-134000000,20,4,18824,75820,NGZ0-NGF1
1605481220936897247,1605481220936386161,0,1,111284,T,A,0,2875000000,1,4,17856,75862,NGZ0
1605481221669428740,1605481221668969699,0,1,215880,T,A,0,75000000,4,4,19839,75901,NGG1-NGH1
1605481221735950036,1605481221735603013,0,1,111284,T,B,0,2875000000,1,4,17769,75931,NGZ0
1605481221736341283,1605481221735957765,0,1,111284,T,B,0,2875000000,1,4,17495,75934,NGZ0
1605481221736807378,1605481221736046389,0,1,111284,T,B,0,2875000000,22,4,17888,75937,NGZ0
1605481221739239122,1605481221738861107,0,1,111284,T,A,0,2874000000,1,4,18635,75953,NGZ0
1605481222144879594,1605481222144513949,0,1,111284,T,B,0,2874000000,1,4,17892,76049,NGZ0
1605481222420635029,1605481222420181349,0,1,111284,T,A,0,2873000000,2,4,19193,76056,NGZ0
1605481222652224576,1605481222651579373,0,1,24512,T,B,0,101000000,5,4,20095,76095,NGH1-NGJ1
1605481222696316722,1605481222695285477,0,1,111284,T,A,0,2872000000,13,4,20683,76102,NGZ0
1605481222696316722,1605481222695285477,0,1,51363,T,N,0,-134000000,2,4,20683,76102,NGZ0-NGF1
1605481222696316722,1605481222695285477,0,1,111291,T,N,0,3006000000,2,4,20683,76102,NGF1
1605481222696974633,1605481222696328775,0,1,111291,T,A,0,3007000000,1,132,20950,76108,NGF1
1605481222696974633,1605481222696328775,0,1,215879,T,N,0,107000000,1,4,20950,76108,NGF1-NGH1
1605481222696974633,1605481222696328775,0,1,111294,T,N,0,2900000000,1,4,20950,76108,NGH1
1605481222697275088,1605481222696332723,0,1,111294,T,A,0,2900000000,2,4,20907,76112,NGH1
1605481222697275088,1605481222696332723,0,1,24512,T,N,0,100000000,1,4,20907,76112,NGH1-NGJ1
1605481222697275088,1605481222696332723,0,1,111296,T,N,0,2800000000,1,4,20907,76112,NGJ1
1605481222698965741,1605481222697464115,0,1,111296,T,A,0,2800000000,1,4,17391,76145,NGJ1
1605481222699620216,1605481222697921351,0,1,15228,T,A,0,32000000,1,4,18006,76158,NGF1-NGG1
1605481222701342985,1605481222700094133,0,1,111293,T,A,0,2974000000,1,4,17006,76202,NGG1
1605481222874700383,1605481222874295369,0,1,111284,T,B,0,2874000000,1,4,19279,76256,NGZ0
1605481224494166531,1605481224493610211,0,1,121372,T,A,0,-40000000,2,4,18798,76348,NGK1-NGM1
1605481224833665686,1605481224833139889,0,1,121372,T,B,0,-39000000,1,4,23516,76451,NGK1-NGM1
1605481224834135277,1605481224833144687,0,1,204979,T,B,0,8000000,1,4,18185,76453,NGJ1-NGK1
1605481224834204337,1605481224833162487,0,1,41958,T,B,0,-36000000,1,4,22309,76454,NGU1-NGV1
1605481224834427049,1605481224833171271,0,1,41645,T,A,0,-107000000,1,4,18501,76455,NGJ1-NGV1
1605481224834747580,1605481224834093287,0,1,204979,T,B,0,8000000,1,4,17842,76464,NGJ1-NGK1
1605481224836329593,1605481224835238285,0,1,121372,T,N,0,-39000000,1,4,21476,76481,NGK1-NGM1
1605481224836329593,1605481224835238285,0,1,34802,T,N,0,7000000,1,4,21476,76481,NG:BF K1-M1-N1
1605481224836329593,1605481224835238285,0,1,62831,T,B,0,-46000000,1,132,21476,76481,NGM1-NGN1
1605481225484848577,1605481225484213225,0,1,111284,T,A,0,2872000000,2,4,18283,76536,NGZ0
1605481225883016707,1605481225882594443,0,1,111284,T,B,0,2873000000,1,4,17784,76575,NGZ0
1605481225887568454,1605481225887144915,0,1,111284,T,B,0,2873000000,1,4,18175,76579,NGZ0
1605481226019992541,1605481226019022525,0,1,282784,T,A,0,14000000,1,4,18736,76612,NGQ1-NGU1
1605481227063058021,1605481227062547639,0,1,111284,T,B,0,2874000000,1,4,24070,76709,NGZ0
1605481227180419040,1605481227179886371,0,1,111284,T,A,0,2873000000,1,4,17898,76715,NGZ0
1605481227795344547,1605481227794981823,0,1,111284,T,B,0,2874000000,1,4,17822,76733,NGZ0
1605481227985760961,1605481227985348665,0,1,111284,T,A,0,2873000000,1,4,23488,76737,NGZ0
1605481228322631112,1605481228322063685,0,1,215880,T,A,0,75000000,1,4,18471,76745,NGG1-NGH1
1605481228351193524,1605481228350704029,0,1,215880,T,A,0,75000000,2,4,18400,76750,NGG1-NGH1
1605481228865188063,1605481228864583865,0,1,215880,T,A,0,75000000,3,4,18691,76835,NGG1-NGH1
1605481230170789830,1605481230170218379,0,1,215880,T,A,0,75000000,1,4,18227,76898,NGG1-NGH1
1605481230197342557,1605481230196903921,0,1,111284,T,A,0,2873000000,5,4,19088,76909,NGZ0
1605481230198076796,1605481230197717621,0,1,111284,T,A,0,2873000000,2,4,18116,76915,NGZ0
1605481230721744791,1605481230720491655,0,1,111293,T,B,0,2975000000,1,4,20653,77022,NGG1
1605481230721744791,1605481230720491655,0,1,111293,T,B,0,2976000000,1,4,20653,77022,NGG1
1605481230721744791,1605481230720491655,0,1,111293,T,B,0,2977000000,2,4,20653,77022,NGG1
1605481230721744791,1605481230720491655,0,1,15228,T,N,0,32000000,2,4,20653,77022,NGF1-NGG1
1605481230721744791,1605481230720491655,0,1,111291,T,N,0,3007000000,1,4,20653,77022,NGF1
1605481230721744791,1605481230720491655,0,1,111291,T,N,0,3008000000,1,4,20653,77022,NGF1
1605481230722804497,1605481230721966125,0,1,111293,T,A,0,2977000000,3,4,25298,77046,NGG1
1605481230726903209,1605481230724819511,0,1,111293,T,N,0,2975000000,1,4,18309,77135,NGG1
1605481230726903209,1605481230724819511,0,1,111291,T,A,0,3007000000,1,4,18309,77135,NGF1
1605481230726903209,1605481230724819511,0,1,15228,T,N,0,32000000,1,4,18309,77135,NGF1-NGG1
