ts_recv,ts_event,rtype,publisher_id,instrument_id,action,side,depth,price,size,flags,ts_in_delta,sequence,symbol
1606086000320661606,1606086000000000000,0,1,111291,T,N,0,2822000000,52,4,23834,61396,NGF1
1606086000324606990,1606086000000000000,0,1,15228,T,N,0,19000000,5,4,19801,61397,NGF1-NGG1
1606086000328408491,1606086000000000000,0,1,215879,T,N,0,71000000,2,4,19716,61398,NGF1-NGH1
1606086000329003798,1606086000000000000,0,1,24441,T,N,0,184000000,2,4,18478,61399,NGF1-NGJ1
1606086000329710520,1606086000000000000,0,1,111293,T,N,0,2802000000,7,4,19122,61400,NGG1
1606086000334423983,1606086000000000000,0,1,215880,T,N,0,50000000,42,4,20527,61401,NGG1-NGH1
1606086000334697643,1606086000000000000,0,1,111294,T,N,0,2750000000,2,4,18452,61402,NGH1
1606086000334812867,1606086000000000000,0,1,24512,T,N,0,110000000,6,4,20095,61403,NGH1-NGJ1
1606086000337801001,1606086000000000000,0,1,111296,T,N,0,2638000000,6,4,20645,61404,NGJ1
1606086000339204938,1606086000000000000,0,1,111311,T,N,0,2762000000,1,4,18741,61405,NGV1
1606086000339891905,1606086000000000000,0,1,111284,T,N,0,2705000000,54,4,21682,61406,NGZ0
1606086000342649104,1606086000000000000,0,1,51363,T,N,0,-117000000,33,4,19855,61407,NGZ0-NGF1
1606086000382663435,1606086000000000000,0,1,51363,T,N,0,-117000000,4,4,18805,61491,NGZ0-NGF1
1606086000382663435,1606086000000000000,0,1,111284,T,N,0,2705000000,4,4,18805,61491,NGZ0
1606086000382663435,1606086000000000000,0,1,111291,T,N,0,2822000000,4,4,18805,61491,NGF1
1606086000444533765,1606086000006581553,0,1,111291,T,B,0,2824000000,1,4,18063,61671,NGF1
1606086000444533765,1606086000006581553,0,1,111291,T,B,0,2825000000,2,4,18063,61671,NGF1
1606086000482525512,1606086000350945071,0,1,111291,T,B,0,2825000000,1,4,18134,61793,NGF1
1606086000482525512,1606086000350945071,0,1,111291,T,B,0,2826000000,1,4,18134,61793,NGF1
1606086000483829670,1606086000350998447,0,1,111291,T,B,0,2826000000,4,4,18346,61797,NGF1
1606086000483829670,1606086000350998447,0,1,111291,T,B,0,2827000000,1,4,18346,61797,NGF1
1606086000483829670,1606086000350998447,0,1,111284,T,N,0,2710000000,1,4,18346,61797,NGZ0
1606086000483829670,1606086000350998447,0,1,51363,T,N,0,-117000000,1,4,18346,61797,NGZ0-NGF1
1606086000550868722,1606086000357222527,0,1,51363,T,B,0,-116000000,2,4,17595,62056,NGZ0-NGF1
1606086000616595880,1606086000372990631,0,1,111291,T,A,0,2827000000,1,4,17429,62588,NGF1
1606086000617261403,1606086000372990631,0,1,24512,T,B,0,110000000,1,4,17625,62590,NGH1-NGJ1
1606086000630267526,1606086000401524477,0,1,111291,T,B,0,2828000000,1,132,18030,62771,NGF1
1606086000630267526,1606086000401524477,0,1,51363,T,N,0,-116000000,1,4,18030,62771,NGZ0-NGF1
1606086000630267526,1606086000401524477,0,1,111284,T,N,0,2712000000,1,4,18030,62771,NGZ0
1606086000631685772,1606086000407601945,0,1,111291,T,A,0,2827000000,1,4,16490,62789,NGF1
1606086000634584738,1606086000425931327,0,1,111291,T,A,0,2827000000,1,4,19044,62850,NGF1
1606086000635282669,1606086000426316865,0,1,111291,T,A,0,2823000000,1,4,17954,62854,NGF1
1606086000636618526,1606086000426733069,0,1,111291,T,A,0,2824000000,1,4,18249,62859,NGF1
1606086000638395151,1606086000431888059,0,1,111291,T,A,0,2825000000,1,132,17975,62875,NGF1
1606086000638395151,1606086000431888059,0,1,111284,T,N,0,2710000000,1,4,17975,62875,NGZ0
1606086000638395151,1606086000431888059,0,1,51363,T,N,0,-115000000,1,4,17975,62875,NGZ0-NGF1
1606086000704313109,1606086000526911959,0,1,111291,T,A,0,2829000000,1,4,27331,63347,NGF1
1606086000704313109,1606086000526911959,0,1,111291,T,A,0,2828000000,1,4,27331,63347,NGF1
1606086000709239879,1606086000550977721,0,1,111291,T,B,0,2828000000,1,4,16845,63377,NGF1
1606086000735038850,1606086000630278751,0,1,111291,T,B,0,2828000000,1,4,20011,63544,NGF1
1606086000737416413,1606086000631696283,0,1,111291,T,B,0,2828000000,1,4,21766,63554,NGF1
1606086000777526353,1606086000685937971,0,1,24512,T,B,0,110000000,13,4,21428,63838,NGH1-NGJ1
1606086000778392439,1606086000685974949,0,1,24512,T,B,0,110000000,1,4,18053,63841,NGH1-NGJ1
1606086000797952026,1606086000736171431,0,1,15228,T,B,0,19000000,1,4,17519,64035,NGF1-NGG1
1606086000829749085,1606086000787985391,0,1,24512,T,B,0,110000000,1,4,17615,64271,NGH1-NGJ1
1606086000833055115,1606086000827990889,0,1,111296,T,N,0,2648000000,1,4,18187,64347,NGJ1
1606086000833055115,1606086000827990889,0,1,111298,T,A,0,2641000000,1,132,18187,64347,NGK1
1606086000833055115,1606086000827990889,0,1,204979,T,N,0,7000000,1,4,18187,64347,NGJ1-NGK1
1606086000836165233,1606086000833000705,0,1,111298,T,B,0,2641000000,1,132,18810,64395,NGK1
1606086000836165233,1606086000833000705,0,1,111291,T,N,0,2828000000,1,4,18810,64395,NGF1
1606086000836165233,1606086000833000705,0,1,204941,T,N,0,187000000,1,4,18810,64395,NGF1-NGK1
1606086000847973466,1606086000846406937,0,1,111291,T,A,0,2827000000,2,4,18462,64502,NGF1
1606086000849243148,1606086000847983353,0,1,111291,T,B,0,2828000000,2,4,18020,64510,NGF1
1606086000850109690,1606086000848432445,0,1,111291,T,B,0,2828000000,2,4,17812,64519,NGF1
1606086000850945569,1606086000849374763,0,1,111291,T,B,0,2828000000,1,4,18107,64526,NGF1
1606086000851299848,1606086000849909857,0,1,111296,T,B,0,2653000000,1,4,18862,64533,NGJ1
1606086000862289399,1606086000860738009,0,1,111291,T,A,0,2827000000,1,4,17749,64607,NGF1
1606086000863247345,1606086000862299845,0,1,111291,T,B,0,2827000000,1,4,18968,64615,NGF1
1606086000905394149,1606086000904022403,0,1,111291,T,B,0,2827000000,1,4,18837,64691,NGF1
1606086000916963647,1606086000915418737,0,1,111291,T,A,0,2826000000,1,4,18153,64720,NGF1
1606086000917983636,1606086000916975013,0,1,111291,T,B,0,2826000000,1,4,18610,64728,NGF1
1606086000963251966,1606086000960434787,0,1,111291,T,A,0,2825000000,5,4,20289,64787,NGF1
1606086000963251966,1606086000960434787,0,1,51363,T,N,0,-114000000,3,4,20289,64787,NGZ0-NGF1
1606086000963251966,1606086000960434787,0,1,111284,T,N,0,2711000000,3,4,20289,64787,NGZ0
1606086000965339938,1606086000963043719,0,1,111296,T,N,0,2648000000,1,4,18926,64807,NGJ1
1606086000965339938,1606086000963043719,0,1,24512,T,N,0,109000000,1,4,18926,64807,NGH1-NGJ1
1606086000965339938,1606086000963043719,0,1,111294,T,A,0,2757000000,2,4,18926,64807,NGH1
1606086000966037149,1606086000963067747,0,1,111293,T,A,0,2807000000,1,4,17600,64819,NGG1
1606086000973215171,1606086000968654245,0,1,111293,T,N,0,2810000000,1,4,19744,64907,NGG1
1606086000973215171,1606086000968654245,0,1,111284,T,N,0,2714000000,1,4,19744,64907,NGZ0
1606086000973215171,1606086000968654245,0,1,51363,T,N,0,-115000000,1,4,19744,64907,NGZ0-NGF1
1606086000973215171,1606086000968654245,0,1,111291,T,B,0,2828000000,2,4,19744,64907,NGF1
1606086000973215171,1606086000968654245,0,1,111291,T,B,0,2829000000,9,4,19744,64907,NGF1
1606086000973215171,1606086000968654245,0,1,15228,T,N,0,19000000,1,4,19744,64907,NGF1-NGG1
1606086000983577835,1606086000981833749,0,1,111291,T,A,0,2828000000,1,132,19011,64984,NGF1
1606086000983577835,1606086000981833749,0,1,51363,T,N,0,-114000000,1,4,19011,64984,NGZ0-NGF1
1606086000983577835,1606086000981833749,0,1,111284,T,N,0,2714000000,1,4,19011,64984,NGZ0
1606086001008496740,1606086001007372655,0,1,111291,T,A,0,2827000000,1,4,18252,65123,NGF1
1606086001028391150,1606086001026865475,0,1,111291,T,A,0,2827000000,1,4,19330,65193,NGF1
1606086001053253278,1606086001051965847,0,1,111291,T,B,0,2828000000,1,4,18189,65454,NGF1
1606086001101999085,1606086001092735529,0,1,111291,T,B,0,2828000000,1,4,19984,65496,NGF1
1606086001144007081,1606086001136591799,0,1,111291,T,A,0,2826000000,1,4,19138,65539,NGF1
1606086001240599386,1606086001238955505,0,1,111291,T,A,0,2827000000,1,4,19164,65588,NGF1
1606086001332599957,1606086001331273935,0,1,111291,T,A,0,2826000000,1,4,19236,65639,NGF1
1606086001351310262,1606086001350067117,0,1,111284,T,B,0,2715000000,1,4,17817,65661,NGZ0
1606086001373623380,1606086001370979249,0,1,111284,T,B,0,2715000000,4,4,17438,65836,NGZ0
1606086001381245962,1606086001377635747,0,1,111284,T,B,0,2715000000,1,132,17829,65854,NGZ0
1606086001381245962,1606086001377635747,0,1,111291,T,N,0,2829000000,1,4,17829,65854,NGF1
1606086001381245962,1606086001377635747,0,1,51363,T,N,0,-114000000,1,4,17829,65854,NGZ0-NGF1
1606086001390612409,1606086001389537379,0,1,111291,T,B,0,2829000000,1,4,17687,65904,NGF1
1606086001392888352,1606086001390904151,0,1,111284,T,B,0,2715000000,1,4,18276,65918,NGZ0
1606086001393999718,1606086001391663023,0,1,111284,T,B,0,2715000000,1,4,18613,65922,NGZ0
1606086001394580897,1606086001393001371,0,1,111284,T,B,0,2715000000,1,4,19948,65929,NGZ0
1606086001505837476,1606086001502644249,0,1,111284,T,N,0,2713000000,3,4,21851,66045,NGZ0
1606086001505837476,1606086001502644249,0,1,111291,T,A,0,2826000000,3,4,21851,66045,NGF1
1606086001505837476,1606086001502644249,0,1,111291,T,A,0,2825000000,4,4,21851,66045,NGF1
1606086001505837476,1606086001502644249,0,1,51363,T,N,0,-113000000,2,4,21851,66045,NGZ0-NGF1
1606086001505837476,1606086001502644249,0,1,51363,T,N,0,-112000000,1,4,21851,66045,NGZ0-NGF1
1606086001505837476,1606086001502644249,0,1,15228,T,N,0,18000000,1,4,21851,66045,NGF1-NGG1
1606086001505837476,1606086001502644249,0,1,111293,T,N,0,2807000000,1,4,21851,66045,NGG1
1606086001641508494,1606086001639022701,0,1,111291,T,B,0,2829000000,1,4,18069,66337,NGF1
1606086001846063718,1606086001845223353,0,1,111291,T,A,0,2826000000,1,4,18642,66405,NGF1
1606086002095076823,1606086002094296857,0,1,111284,T,B,0,2714000000,1,4,18067,66522,NGZ0
1606086002125244347,1606086002118095539,0,1,111284,T,B,0,2714000000,2,4,17105,66530,NGZ0
1606086002176985489,1606086002176285959,0,1,111291,T,B,0,2828000000,2,4,18565,66554,NGF1
1606086002178919494,1606086002178187057,0,1,111291,T,A,0,2827000000,1,4,18339,66587,NGF1
1606086002249935919,1606086002249233909,0,1,111291,T,A,0,2826000000,1,4,17632,66648,NGF1
1606086002410183630,1606086002409585259,0,1,111284,T,B,0,2714000000,1,4,17667,66679,NGZ0
1606086002522785040,1606086002521560669,0,1,215880,T,B,0,51000000,25,4,19424,66736,NGG1-NGH1
1606086002830961737,1606086002829796269,0,1,111284,T,B,0,2714000000,1,4,17743,66806,NGZ0
1606086003128692398,1606086003116286233,0,1,111284,T,A,0,2710000000,2,4,19298,66883,NGZ0
1606086003128692398,1606086003116286233,0,1,111284,T,A,0,2709000000,3,4,19298,66883,NGZ0
1606086003128692398,1606086003116286233,0,1,111291,T,N,0,2825000000,1,4,19298,66883,NGF1
1606086003128692398,1606086003116286233,0,1,51363,T,N,0,-115000000,1,4,19298,66883,NGZ0-NGF1
1606086003771124101,1606086003768647409,0,1,111284,T,A,0,2710000000,1,4,18793,67256,NGZ0
1606086003777513917,1606086003772538111,0,1,111284,T,A,0,2709000000,1,4,17112,67420,NGZ0
1606086003777681412,1606086003772540271,0,1,111284,T,A,0,2709000000,1,132,18680,67425,NGZ0
1606086003777681412,1606086003772540271,0,1,51363,T,N,0,-115000000,1,4,18680,67425,NGZ0-NGF1
1606086003777681412,1606086003772540271,0,1,111291,T,N,0,2824000000,1,4,18680,67425,NGF1
1606086005005765271,1606086005004075975,0,1,51363,T,B,0,-114000000,9,4,18927,67760,NGZ0-NGF1
1606086005006633645,1606086005005774141,0,1,51363,T,B,0,-114000000,1,4,18228,67762,NGZ0-NGF1
1606086005147118641,1606086005146483243,0,1,111291,T,B,0,2824000000,1,4,17766,67813,NGF1
1606086005147441404,1606086005146795831,0,1,111291,T,A,0,2823000000,2,4,18567,67816,NGF1
1606086005147889775,1606086005146953083,0,1,111291,T,B,0,2824000000,1,4,17778,67827,NGF1
1606086005150251527,1606086005148692719,0,1,111291,T,B,0,2823000000,1,4,18145,67849,NGF1
1606086005248217436,1606086005247417569,0,1,111291,T,A,0,2822000000,2,4,18136,67881,NGF1
1606086005248887994,1606086005247419939,0,1,111291,T,A,0,2822000000,1,132,31767,67885,NGF1
1606086005248887994,1606086005247419939,0,1,51363,T,N,0,-114000000,1,4,31767,67885,NGZ0-NGF1
1606086005248887994,1606086005247419939,0,1,111284,T,N,0,2708000000,1,4,31767,67885,NGZ0
1606086005252754411,1606086005249583795,0,1,111291,T,B,0,2822000000,3,4,18501,67930,NGF1
1606086005253841509,1606086005249755621,0,1,111291,T,B,0,2823000000,3,4,19365,67935,NGF1
1606086005253841509,1606086005249755621,0,1,111293,T,N,0,2804000000,1,4,19365,67935,NGG1
1606086005253841509,1606086005249755621,0,1,15228,T,N,0,19000000,1,4,19365,67935,NGF1-NGG1
1606086005254280484,1606086005252787605,0,1,111291,T,A,0,2823000000,1,4,17973,67952,NGF1
1606086005254884211,1606086005252788067,0,1,111291,T,A,0,2823000000,1,4,25968,67953,NGF1
1606086005375803113,1606086005375166595,0,1,111284,T,B,0,2709000000,2,4,17542,68047,NGZ0
1606086005819175038,1606086005817850397,0,1,24512,T,B,0,110000000,13,4,22615,68077,NGH1-NGJ1
1606086005820505979,1606086005819242261,0,1,24512,T,B,0,110000000,1,4,18431,68106,NGH1-NGJ1
1606086005820919474,1606086005819246523,0,1,24512,T,B,0,110000000,1,4,18762,68108,NGH1-NGJ1
1606086005823332882,1606086005822195187,0,1,215879,T,A,0,70000000,1,4,19918,68152,NGF1-NGH1
1606086005887996421,1606086005887417935,0,1,111284,T,B,0,2708000000,1,4,19926,68203,NGZ0
1606086005996650130,1606086005995888501,0,1,24512,T,B,0,110000000,10,4,18279,68230,NGH1-NGJ1
1606086006172713625,1606086006171843953,0,1,51363,T,B,0,-115000000,1,4,19847,68282,NGZ0-NGF1
1606086006446297013,1606086006445299179,0,1,111291,T,A,0,2823000000,2,4,18195,68338,NGF1
1606086006777857553,1606086006775552497,0,1,111291,T,N,0,2824000000,2,4,21294,68383,NGF1
1606086006777857553,1606086006775552497,0,1,51363,T,N,0,-115000000,2,4,21294,68383,NGZ0-NGF1
1606086006777857553,1606086006775552497,0,1,111284,T,B,0,2708000000,1,4,21294,68383,NGZ0
1606086006777857553,1606086006775552497,0,1,111284,T,B,0,2709000000,4,4,21294,68383,NGZ0
1606086006778900783,1606086006777869583,0,1,51363,T,B,0,-115000000,1,4,18582,68392,NGZ0-NGF1
1606086007389150840,1606086007388541051,0,1,111291,T,B,0,2823000000,1,4,18444,68466,NGF1
1606086007896402173,1606086007895362467,0,1,24512,T,B,0,110000000,10,4,18480,68524,NGH1-NGJ1
1606086007898084577,1606086007896434173,0,1,24512,T,B,0,110000000,3,4,18223,68547,NGH1-NGJ1
1606086009584132997,1606086009583122171,0,1,215880,T,B,0,51000000,1,4,23520,68997,NGG1-NGH1
1606086009672847031,1606086009670583121,0,1,111291,T,N,0,2822000000,2,4,19304,69007,NGF1
1606086009672847031,1606086009670583121,0,1,51363,T,N,0,-115000000,2,4,19304,69007,NGZ0-NGF1
1606086009672847031,1606086009670583121,0,1,111284,T,A,0,2707000000,4,4,19304,69007,NGZ0
1606086009676997991,1606086009673877775,0,1,111284,T,N,0,2707000000,4,4,20330,69065,NGZ0
1606086009676997991,1606086009673877775,0,1,51363,T,N,0,-115000000,3,4,20330,69065,NGZ0-NGF1
1606086009676997991,1606086009673877775,0,1,51363,T,N,0,-116000000,1,4,20330,69065,NGZ0-NGF1
1606086009676997991,1606086009673877775,0,1,111291,T,B,0,2822000000,5,4,20330,69065,NGF1
1606086009676997991,1606086009673877775,0,1,111291,T,B,0,2823000000,4,4,20330,69065,NGF1
1606086009677595778,1606086009674524107,0,1,111291,T,N,0,2823000000,1,4,19900,69080,NGF1
1606086009677595778,1606086009674524107,0,1,15228,T,N,0,19000000,1,4,19900,69080,NGF1-NGG1
1606086009677595778,1606086009674524107,0,1,111293,T,A,0,2804000000,1,132,19900,69080,NGG1
1606086009678998251,1606086009677042835,0,1,111291,T,A,0,2823000000,1,4,17574,69128,NGF1
1606086009742895801,1606086009741335281,0,1,111291,T,N,0,2822000000,2,4,19087,69467,NGF1
1606086009742895801,1606086009741335281,0,1,51363,T,N,0,-115000000,2,4,19087,69467,NGZ0-NGF1
1606086009742895801,1606086009741335281,0,1,111284,T,A,0,2707000000,2,4,19087,69467,NGZ0
1606086009770976483,1606086009769295677,0,1,111291,T,B,0,2822000000,1,4,19290,69505,NGF1
1606086009846063651,1606086009845355883,0,1,111284,T,A,0,2705000000,1,4,21775,69525,NGZ0
1606086011384449346,1606086011381767855,0,1,111284,T,A,0,2705000000,15,4,19749,69870,NGZ0
1606086011384449346,1606086011381767855,0,1,111291,T,N,0,2821000000,13,4,19749,69870,NGF1
1606086011384449346,1606086011381767855,0,1,51363,T,N,0,-116000000,13,4,19749,69870,NGZ0-NGF1
1606086011387323561,1606086011384598107,0,1,215785,T,A,0,-47000000,1,4,20099,69939,NGZ0-NGH1
1606086011391335189,1606086011386905245,0,1,24512,T,A,0,111000000,1,4,17514,70045,NGH1-NGJ1
1606086011402409849,1606086011395858937,0,1,24512,T,B,0,112000000,2,4,19355,70294,NGH1-NGJ1
1606086011422059380,1606086011414525331,0,1,111291,T,B,0,2821000000,3,4,17467,70720,NGF1
1606086011845115412,1606086011843935467,0,1,204979,T,B,0,7000000,3,4,22746,70893,NGJ1-NGK1
1606086011847290236,1606086011845129923,0,1,204979,T,A,0,7000000,4,4,27231,70916,NGJ1-NGK1
1606086012075157875,1606086012074476071,0,1,111284,T,A,0,2704000000,3,4,18055,71117,NGZ0
1606086012076050674,1606086012075283841,0,1,111284,T,A,0,2704000000,2,4,17774,71125,NGZ0
1606086012077847451,1606086012075286403,0,1,111284,T,A,0,2704000000,2,132,19188,71129,NGZ0
1606086012077847451,1606086012075286403,0,1,111291,T,N,0,2820000000,2,4,19188,71129,NGF1
1606086012077847451,1606086012075286403,0,1,51363,T,N,0,-116000000,2,4,19188,71129,NGZ0-NGF1
1606086012078167074,1606086012076059505,0,1,111291,T,A,0,2820000000,2,4,24158,71133,NGF1
1606086012080093378,1606086012078621783,0,1,111291,T,B,0,2820000000,1,4,18228,71156,NGF1
1606086012082259410,1606086012080791279,0,1,111291,T,B,0,2820000000,1,4,18034,71178,NGF1
1606086012083956903,1606086012082523763,0,1,111291,T,A,0,2820000000,1,4,18619,71190,NGF1
1606086012128518320,1606086012127925411,0,1,111291,T,B,0,2821000000,1,4,19844,71208,NGF1
1606086014231825696,1606086014229748681,0,1,111291,T,B,0,2821000000,5,4,25048,71362,NGF1
1606086014231825696,1606086014229748681,0,1,51363,T,N,0,-116000000,1,4,25048,71362,NGZ0-NGF1
1606086014231825696,1606086014229748681,0,1,111284,T,N,0,2705000000,1,4,25048,71362,NGZ0
1606086014248296796,1606086014247638353,0,1,111284,T,B,0,2705000000,2,4,17974,71400,NGZ0
1606086014250104989,1606086014249523029,0,1,111291,T,A,0,2821000000,1,4,17506,71443,NGF1
1606086014328532132,1606086014326859287,0,1,111291,T,A,0,2821000000,1,4,17794,71467,NGF1
1606086014650136123,1606086014649556615,0,1,111284,T,A,0,2705000000,1,4,17713,71509,NGZ0
1606086015166402733,1606086015165711373,0,1,111284,T,A,0,2705000000,1,4,17791,71537,NGZ0
1606086015316544008,1606086015314226113,0,1,111284,T,B,0,2706000000,1,4,19147,71546,NGZ0
1606086015316544008,1606086015314226113,0,1,111284,T,B,0,2707000000,16,4,19147,71546,NGZ0
1606086015316544008,1606086015314226113,0,1,111291,T,N,0,2822000000,2,4,19147,71546,NGF1
1606086015316544008,1606086015314226113,0,1,51363,T,N,0,-115000000,2,4,19147,71546,NGZ0-NGF1
1606086015317630570,1606086015316298641,0,1,111291,T,B,0,2822000000,1,4,17789,71554,NGF1
1606086015319128211,1606086015318066985,0,1,111291,T,B,0,2822000000,1,4,17016,71590,NGF1
1606086015952393047,1606086015947269715,0,1,111291,T,A,0,2821000000,3,4,27115,71739,NGF1
1606086015952393047,1606086015947269715,0,1,111291,T,A,0,2820000000,7,4,27115,71739,NGF1
1606086015952393047,1606086015947269715,0,1,111291,T,A,0,2819000000,14,4,27115,71739,NGF1
1606086015952393047,1606086015947269715,0,1,111291,T,A,0,2818000000,3,4,27115,71739,NGF1
1606086015952393047,1606086015947269715,0,1,51363,T,N,0,-115000000,12,4,27115,71739,NGZ0-NGF1
1606086015952393047,1606086015947269715,0,1,111284,T,N,0,2705000000,2,4,27115,71739,NGZ0
1606086015952393047,1606086015947269715,0,1,111284,T,N,0,2704000000,10,4,27115,71739,NGZ0
1606086015952393047,1606086015947269715,0,1,111293,T,N,0,2802000000,2,4,27115,71739,NGG1
1606086015952393047,1606086015947269715,0,1,111293,T,N,0,2800000000,2,4,27115,71739,NGG1
1606086015952393047,1606086015947269715,0,1,15228,T,N,0,18000000,4,4,27115,71739,NGF1-NGG1
1606086015952393047,1606086015947269715,0,1,215879,T,N,0,68000000,1,4,27115,71739,NGF1-NGH1
1606086015952393047,1606086015947269715,0,1,111294,T,N,0,2751000000,1,4,27115,71739,NGH1
1606086015955090038,1606086015952413865,0,1,15228,T,A,0,18000000,1,4,18316,71779,NGF1-NGG1
1606086015957785893,1606086015954553441,0,1,111291,T,A,0,2820000000,1,4,22774,71852,NGF1
1606086015958298704,1606086015955467389,0,1,111291,T,B,0,2821000000,1,4,17763,71861,NGF1
1606086015958540055,1606086015955595865,0,1,111291,T,B,0,2821000000,1,4,18185,71865,NGF1
1606086015959361105,1606086015957660645,0,1,111291,T,B,0,2821000000,1,4,19240,71892,NGF1
1606086016969976520,1606086016968954951,0,1,111284,T,B,0,2704000000,1,4,18691,71996,NGZ0
1606086016969976520,1606086016968954951,0,1,111284,T,B,0,2705000000,1,4,18691,71996,NGZ0
1606086017759075691,1606086017758214853,0,1,111284,T,B,0,2704000000,1,4,17806,72034,NGZ0
1606086017761285907,1606086017760125265,0,1,51363,T,B,0,-115000000,2,4,18260,72052,NGZ0-NGF1
1606086017807587496,1606086017807070441,0,1,111291,T,A,0,2819000000,1,4,17482,72105,NGF1
1606086018587599457,1606086018586925849,0,1,111291,T,B,0,2820000000,2,4,18560,72156,NGF1
1606086018886885347,1606086018881800979,0,1,111291,T,N,0,2818000000,1,4,30121,72172,NGF1
1606086018886885347,1606086018881800979,0,1,111291,T,N,0,2817000000,3,4,30121,72172,NGF1
1606086018886885347,1606086018881800979,0,1,111291,T,N,0,2816000000,9,4,30121,72172,NGF1
1606086018886885347,1606086018881800979,0,1,51363,T,N,0,-116000000,13,4,30121,72172,NGZ0-NGF1
1606086018886885347,1606086018881800979,0,1,111284,T,A,0,2704000000,2,4,30121,72172,NGZ0
1606086018886885347,1606086018881800979,0,1,111284,T,A,0,2702000000,7,4,30121,72172,NGZ0
1606086018886885347,1606086018881800979,0,1,111284,T,A,0,2701000000,4,4,30121,72172,NGZ0
1606086018886885347,1606086018881800979,0,1,111284,T,A,0,2700000000,10,4,30121,72172,NGZ0
1606086018886885347,1606086018881800979,0,1,111284,T,A,0,2699000000,2,4,30121,72172,NGZ0
1606086018912772754,1606086018904304705,0,1,111291,T,B,0,2817000000,1,4,17615,72788,NGF1
1606086019041061819,1606086019039267197,0,1,111291,T,A,0,2816000000,3,4,19712,73256,NGF1
1606086019041061819,1606086019039267197,0,1,111284,T,N,0,2701000000,1,4,19712,73256,NGZ0
1606086019041061819,1606086019039267197,0,1,51363,T,N,0,-115000000,1,4,19712,73256,NGZ0-NGF1
1606086019326310859,1606086019324849963,0,1,111291,T,B,0,2817000000,2,4,18011,73320,NGF1
1606086019327889516,1606086019327355505,0,1,111284,T,A,0,2701000000,2,4,17554,73345,NGZ0
1606086019830508485,1606086019829974629,0,1,111284,T,A,0,2701000000,5,4,17589,73406,NGZ0
1606086019834970609,1606086019829976731,0,1,111284,T,A,0,2701000000,2,4,18085,73408,NGZ0
1606086019836192494,1606086019835250951,0,1,51363,T,A,0,-116000000,4,4,18684,73428,NGZ0-NGF1
1606086019836514274,1606086019835274115,0,1,51363,T,A,0,-116000000,1,4,18613,73430,NGZ0-NGF1
1606086019840302951,1606086019837702521,0,1,51363,T,N,0,-116000000,1,4,19921,73482,NGZ0-NGF1
1606086019840302951,1606086019837702521,0,1,111284,T,B,0,2700000000,4,4,19921,73482,NGZ0
1606086019840302951,1606086019837702521,0,1,111284,T,B,0,2701000000,3,4,19921,73482,NGZ0
1606086019840302951,1606086019837702521,0,1,111284,T,B,0,2702000000,1,4,19921,73482,NGZ0
1606086019840302951,1606086019837702521,0,1,111291,T,N,0,2817000000,1,4,19921,73482,NGF1
1606086020340373442,1606086020337652161,0,1,111284,T,B,0,2702000000,1,4,17756,73833,NGZ0
1606086021147157475,1606086021144883677,0,1,24512,T,B,0,112000000,2,4,18412,73917,NGH1-NGJ1
1606086021302670532,1606086021301796853,0,1,111291,T,A,0,2816000000,1,4,17870,74030,NGF1
1606086021772512280,1606086021771753557,0,1,111284,T,B,0,2702000000,1,4,18617,74092,NGZ0
1606086022164053273,1606086022162563973,0,1,111291,T,B,0,2818000000,2,4,18664,74157,NGF1
1606086022164053273,1606086022162563973,0,1,111291,T,B,0,2819000000,2,4,18664,74157,NGF1
1606086023202290093,1606086023201616653,0,1,111284,T,A,0,2700000000,1,4,18293,74353,NGZ0
1606086023213505932,1606086023212881669,0,1,111291,T,B,0,2817000000,1,4,18102,74403,NGF1
1606086023664834461,1606086023663494989,0,1,111284,T,B,0,2701000000,2,4,18154,74470,NGZ0
1606086024536613707,1606086024535316699,0,1,24512,T,B,0,113000000,7,4,19074,74666,NGH1-NGJ1
1606086025303683727,1606086025303053721,0,1,111291,T,A,0,2817000000,1,4,17720,74773,NGF1
1606086027855760595,1606086027854634605,0,1,24512,T,B,0,114000000,8,4,19384,74875,NGH1-NGJ1
1606086028004862945,1606086028004037351,0,1,111291,T,A,0,2817000000,1,4,18649,75286,NGF1
1606086028005904327,1606086028004868113,0,1,111291,T,A,0,2817000000,1,132,18658,75290,NGF1
1606086028005904327,1606086028004868113,0,1,111284,T,N,0,2701000000,1,4,18658,75290,NGZ0
1606086028005904327,1606086028004868113,0,1,51363,T,N,0,-116000000,1,4,18658,75290,NGZ0-NGF1
1606086028223771535,1606086028223142147,0,1,111293,T,B,0,2800000000,1,4,17769,75396,NGG1
1606086028224246170,1606086028223629199,0,1,111291,T,B,0,2817000000,1,4,19397,75408,NGF1
1606086028521072145,1606086028520503327,0,1,111284,T,B,0,2701000000,1,4,18000,75475,NGZ0
1606086028522621194,1606086028521188393,0,1,111284,T,B,0,2701000000,1,4,18253,75482,NGZ0
1606086028826691843,1606086028824930437,0,1,111284,T,N,0,2701000000,3,4,21376,75541,NGZ0
1606086028826691843,1606086028824930437,0,1,111291,T,A,0,2817000000,3,132,21376,75541,NGF1
1606086028826691843,1606086028824930437,0,1,51363,T,N,0,-116000000,3,4,21376,75541,NGZ0-NGF1
1606086029041413411,1606086029040807277,0,1,111291,T,B,0,2818000000,1,4,17528,75574,NGF1
1606086029116997403,1606086029116420619,0,1,111291,T,B,0,2818000000,1,4,19567,75579,NGF1
1606086029858665924,1606086029857771971,0,1,111284,T,B,0,2702000000,1,4,22961,75645,NGZ0
1606086030312630238,1606086030311900295,0,1,111284,T,B,0,2702000000,3,4,22840,75666,NGZ0
1606086031251043344,1606086031250210233,0,1,111284,T,A,0,2702000000,1,4,17769,75770,NGZ0
1606086031261359717,1606086031260277025,0,1,215880,T,B,0,51000000,5,4,18119,75772,NGG1-NGH1
1606086031696267116,1606086031694650687,0,1,111291,T,B,0,2818000000,2,4,18375,75824,NGF1
1606086033735237016,1606086033734496615,0,1,111284,T,B,0,2704000000,1,4,23019,75876,NGZ0
1606086033755349710,1606086033752076149,0,1,24512,T,B,0,116000000,3,4,24980,75880,NGH1-NGJ1
1606086033755349710,1606086033752076149,0,1,24512,T,B,0,117000000,2,4,24980,75880,NGH1-NGJ1
1606086033755349710,1606086033752076149,0,1,24512,T,B,0,118000000,2,4,24980,75880,NGH1-NGJ1
1606086033755349710,1606086033752076149,0,1,24512,T,B,0,119000000,3,4,24980,75880,NGH1-NGJ1
1606086033755349710,1606086033752076149,0,1,111294,T,N,0,2751000000,1,4,24980,75880,NGH1
1606086033755349710,1606086033752076149,0,1,111296,T,N,0,2632000000,1,4,24980,75880,NGJ1
1606086033756727939,1606086033755795881,0,1,24463,T,B,0,167000000,2,4,22552,75914,NGG1-NGJ1
1606086033757212946,1606086033755801835,0,1,24512,T,B,0,120000000,1,4,22791,75917,NGH1-NGJ1
1606086033758925043,1606086033756629445,0,1,24512,T,A,0,119000000,5,4,23127,75949,NGH1-NGJ1
1606086033759394202,1606086033756644293,0,1,215880,T,A,0,51000000,2,4,19403,75951,NGG1-NGH1
1606086033759747666,1606086033756647707,0,1,24512,T,A,0,119000000,2,4,22182,75953,NGH1-NGJ1
1606086033760446060,1606086033756976389,0,1,24512,T,A,0,119000000,1,4,23749,75965,NGH1-NGJ1
1606086033763664338,1606086033759428733,0,1,215880,T,A,0,51000000,4,4,22456,76032,NGG1-NGH1
1606086033766012578,1606086033763673261,0,1,215880,T,A,0,51000000,1,4,18563,76082,NGG1-NGH1
1606086033838247444,1606086033837628373,0,1,111284,T,A,0,2702000000,2,4,22433,76842,NGZ0
1606086034035626158,1606086034034633175,0,1,15228,T,B,0,19000000,4,4,23541,76948,NGF1-NGG1
1606086034238976652,1606086034237468861,0,1,24463,T,A,0,171000000,1,4,20182,76983,NGG1-NGJ1
1606086034665174231,1606086034664340823,0,1,24512,T,A,0,119000000,6,4,20900,76990,NGH1-NGJ1
1606086034666029165,1606086034665183127,0,1,24512,T,A,0,119000000,5,4,20056,76992,NGH1-NGJ1
1606086034666624208,1606086034666038237,0,1,24512,T,A,0,119000000,3,4,22553,76994,NGH1-NGJ1
1606086034667006467,1606086034666055835,0,1,24512,T,A,0,119000000,2,4,23826,76996,NGH1-NGJ1
1606086034667498830,1606086034666633107,0,1,24512,T,A,0,119000000,7,4,20121,77010,NGH1-NGJ1
1606086034667837086,1606086034667015157,0,1,24512,T,A,0,119000000,3,4,19331,77012,NGH1-NGJ1
1606086034668152697,1606086034667035639,0,1,24512,T,A,0,119000000,4,4,20576,77014,NGH1-NGJ1
1606086034668509224,1606086034667071111,0,1,24512,T,A,0,119000000,2,4,23446,77016,NGH1-NGJ1
1606086034670329501,1606086034669619307,0,1,24512,T,A,0,117000000,1,4,18083,77075,NGH1-NGJ1
1606086034994793493,1606086034994226665,0,1,111284,T,A,0,2702000000,2,4,20042,77169,NGZ0
1606086035520045248,1606086035519331709,0,1,111291,T,B,0,2818000000,1,4,20528,77195,NGF1
1606086037681533956,1606086037680973365,0,1,111284,T,A,0,2702000000,1,4,22701,77309,NGZ0
1606086037684696550,1606086037684112877,0,1,111293,T,A,0,2799000000,1,4,20795,77334,NGG1
1606086037685427245,1606086037684486739,0,1,111291,T,B,0,2818000000,1,4,22657,77353,NGF1
1606086038665768804,1606086038664596095,0,1,111296,T,B,0,2633000000,1,4,26097,77445,NGJ1
1606086040162076882,1606086040161315761,0,1,215880,T,B,0,52000000,1,4,18919,77494,NGG1-NGH1
1606086040306668314,1606086040305472859,0,1,111291,T,N,0,2818000000,1,4,20667,77497,NGF1
1606086040306668314,1606086040305472859,0,1,111284,T,B,0,2702000000,3,4,20667,77497,NGZ0
1606086040306668314,1606086040305472859,0,1,51363,T,N,0,-116000000,1,4,20667,77497,NGZ0-NGF1
1606086040448794479,1606086040448206029,0,1,111293,T,A,0,2800000000,4,4,17382,77530,NGG1
1606086040658589412,1606086040657981775,0,1,111293,T,A,0,2800000000,1,4,17931,77559,NGG1
1606086044652517093,1606086044651266963,0,1,24512,T,A,0,117000000,3,4,23103,77627,NGH1-NGJ1
1606086044818408293,1606086044817784831,0,1,111284,T,B,0,2703000000,1,4,18044,77709,NGZ0
1606086044818963012,1606086044818517827,0,1,111284,T,B,0,2703000000,2,4,17713,77712,NGZ0
1606086045573406261,1606086045572860635,0,1,111284,T,A,0,2702000000,1,4,23195,77747,NGZ0
1606086046412318620,1606086046411810741,0,1,111291,T,A,0,2818000000,1,4,23521,77807,NGF1
1606086047144043631,1606086047142864317,0,1,24512,T,N,0,116000000,1,4,19459,77855,NGH1-NGJ1
1606086047144043631,1606086047142864317,0,1,111296,T,N,0,2633000000,1,4,19459,77855,NGJ1
1606086047144043631,1606086047142864317,0,1,111294,T,A,0,2749000000,1,132,19459,77855,NGH1
1606086048208929161,1606086048207977093,0,1,111284,T,A,0,2701000000,2,4,18726,78219,NGZ0
1606086049400400187,1606086049399864003,0,1,111291,T,A,0,2817000000,1,4,20250,78238,NGF1
1606086049555383717,1606086049554368303,0,1,111291,T,A,0,2817000000,3,132,20114,78249,NGF1
1606086049555383717,1606086049554368303,0,1,111284,T,N,0,2701000000,3,4,20114,78249,NGZ0
1606086049555383717,1606086049554368303,0,1,51363,T,N,0,-116000000,3,4,20114,78249,NGZ0-NGF1
1606086050305743530,1606086050305072211,0,1,111284,T,B,0,2701000000,2,4,20038,78531,NGZ0
1606086050965636013,1606086050965063855,0,1,111291,T,B,0,2818000000,1,4,19688,78549,NGF1
1606086050966084256,1606086050965646959,0,1,111291,T,A,0,2818000000,1,4,18183,78555,NGF1
1606086051234573468,1606086051234010353,0,1,111291,T,B,0,2818000000,1,4,18222,78642,NGF1
1606086055000832300,1606086054995018877,0,1,111294,T,A,0,2747000000,1,4,26652,78707,NGH1
1606086055000832300,1606086054995018877,0,1,111294,T,A,0,2746000000,1,4,26652,78707,NGH1
1606086055895464447,1606086055894012705,0,1,51363,T,A,0,-117000000,4,4,25453,78777,NGZ0-NGF1
1606086056335412323,1606086056333800569,0,1,111284,T,A,0,2700000000,1,4,20353,78854,NGZ0
1606086056335429063,1606086056333800569,0,1,111284,T,A,0,2700000000,1,4,20474,78855,NGZ0
1606086056335910662,1606086056335446261,0,1,111284,T,A,0,2700000000,2,4,23165,78857,NGZ0
1606086056336547081,1606086056336037375,0,1,111284,T,A,0,2700000000,1,4,20921,78870,NGZ0
1606086057035217448,1606086057032995575,0,1,111284,T,N,0,2699000000,2,4,26369,78914,NGZ0
1606086057035217448,1606086057032995575,0,1,51363,T,N,0,-117000000,2,4,26369,78914,NGZ0-NGF1
1606086057035217448,1606086057032995575,0,1,111291,T,A,0,2816000000,8,4,26369,78914,NGF1
1606086057035217448,1606086057032995575,0,1,111291,T,A,0,2815000000,4,4,26369,78914,NGF1
1606086057035217448,1606086057032995575,0,1,111293,T,N,0,2798000000,3,4,26369,78914,NGG1
1606086057035217448,1606086057032995575,0,1,15228,T,N,0,18000000,3,4,26369,78914,NGF1-NGG1
1606086057038598838,1606086057036355243,0,1,111291,T,B,0,2817000000,1,4,17722,78983,NGF1
1606086057042170387,1606086057036386363,0,1,111291,T,A,0,2815000000,2,4,19201,78987,NGF1
1606086057042170387,1606086057036386363,0,1,51363,T,N,0,-117000000,2,4,19201,78987,NGZ0-NGF1
1606086057042170387,1606086057036386363,0,1,111284,T,N,0,2698000000,2,4,19201,78987,NGZ0
1606086057043479085,1606086057038403877,0,1,111291,T,B,0,2815000000,8,4,18027,79013,NGF1
1606086057043863492,1606086057042448073,0,1,111291,T,B,0,2815000000,1,4,20114,79028,NGF1
1606086057044082731,1606086057042449377,0,1,111291,T,B,0,2815000000,4,4,21850,79031,NGF1
1606086057047038530,1606086057043678545,0,1,111291,T,B,0,2816000000,2,4,18628,79106,NGF1
1606086057047038530,1606086057043678545,0,1,111291,T,B,0,2817000000,2,4,18628,79106,NGF1
1606086057047038530,1606086057043678545,0,1,15228,T,N,0,19000000,2,4,18628,79106,NGF1-NGG1
1606086057047038530,1606086057043678545,0,1,111293,T,N,0,2797000000,1,4,18628,79106,NGG1
1606086057047038530,1606086057043678545,0,1,111293,T,N,0,2798000000,1,4,18628,79106,NGG1
1606086057049865005,1606086057044211947,0,1,51363,T,A,0,-118000000,6,4,19767,79114,NGZ0-NGF1
1606086057049865005,1606086057044211947,0,1,51363,T,A,0,-119000000,2,4,19767,79114,NGZ0-NGF1
1606086057050581847,1606086057044384033,0,1,51363,T,N,0,-117000000,2,4,19231,79128,NGZ0-NGF1
1606086057050581847,1606086057044384033,0,1,111291,T,N,0,2818000000,2,4,19231,79128,NGF1
1606086057050581847,1606086057044384033,0,1,111284,T,B,0,2700000000,3,4,19231,79128,NGZ0
1606086057050581847,1606086057044384033,0,1,111284,T,B,0,2701000000,3,4,19231,79128,NGZ0
1606086057050581847,1606086057044384033,0,1,111284,T,B,0,2702000000,2,4,19231,79128,NGZ0
1606086057052746039,1606086057045267313,0,1,24512,T,A,0,116000000,3,4,20257,79176,NGH1-NGJ1
1606086057056108737,1606086057047407671,0,1,111284,T,B,0,2698000000,1,132,18991,79261,NGZ0
1606086057056108737,1606086057047407671,0,1,111291,T,N,0,2816000000,1,4,18991,79261,NGF1
1606086057056108737,1606086057047407671,0,1,51363,T,N,0,-118000000,1,4,18991,79261,NGZ0-NGF1
1606086057070633654,1606086057057772733,0,1,51363,T,N,0,-117000000,2,4,18267,79634,NGZ0-NGF1
1606086057070633654,1606086057057772733,0,1,111291,T,N,0,2815000000,2,4,18267,79634,NGF1
1606086057070633654,1606086057057772733,0,1,111284,T,B,0,2698000000,2,132,18267,79634,NGZ0
1606086057591752103,1606086057591073141,0,1,111291,T,B,0,2816000000,1,4,17984,80136,NGF1
1606086060320767336,1606086060319410063,0,1,111291,T,N,0,2815000000,1,4,20464,80331,NGF1
1606086060320767336,1606086060319410063,0,1,111284,T,B,0,2699000000,3,4,20464,80331,NGZ0
1606086060320767336,1606086060319410063,0,1,51363,T,N,0,-116000000,1,4,20464,80331,NGZ0-NGF1
1606086062467423795,1606086062466393307,0,1,111284,T,A,0,2697000000,1,4,23664,80417,NGZ0
1606086062467423795,1606086062466393307,0,1,111284,T,A,0,2696000000,1,4,23664,80417,NGZ0
1606086062490101076,1606086062489541903,0,1,111284,T,A,0,2695000000,1,4,19309,80468,NGZ0
1606086065551044205,1606086065550311751,0,1,111284,T,A,0,2695000000,2,4,19748,80532,NGZ0
1606086066414699577,1606086066414155223,0,1,111291,T,A,0,2813000000,2,4,18952,80649,NGF1
1606086066420531442,1606086066417319835,0,1,111291,T,N,0,2813000000,1,4,20696,80706,NGF1
1606086066420531442,1606086066417319835,0,1,111291,T,N,0,2814000000,1,4,20696,80706,NGF1
1606086066420531442,1606086066417319835,0,1,111284,T,B,0,2697000000,3,4,20696,80706,NGZ0
1606086066420531442,1606086066417319835,0,1,111284,T,B,0,2698000000,3,4,20696,80706,NGZ0
1606086066420531442,1606086066417319835,0,1,111284,T,B,0,2699000000,2,4,20696,80706,NGZ0
1606086066420531442,1606086066417319835,0,1,51363,T,N,0,-116000000,2,4,20696,80706,NGZ0-NGF1
1606086066995150594,1606086066994565271,0,1,111291,T,A,0,2814000000,3,4,22758,80820,NGF1
1606086069283974197,1606086069282596089,0,1,204979,T,A,0,7000000,1,4,18415,80931,NGJ1-NGK1
1606086070314249552,1606086070313264563,0,1,111291,T,N,0,2814000000,2,4,19325,81316,NGF1
1606086070314249552,1606086070313264563,0,1,51363,T,N,0,-116000000,2,4,19325,81316,NGZ0-NGF1
1606086070314249552,1606086070313264563,0,1,111284,T,B,0,2698000000,5,4,19325,81316,NGZ0
1606086070643531541,1606086070643040433,0,1,111293,T,A,0,2794000000,1,4,18237,81379,NGG1
1606086071570042339,1606086071569072061,0,1,51363,T,B,0,-116000000,3,4,20420,81398,NGZ0-NGF1
1606086073007519296,1606086073006758309,0,1,215880,T,A,0,51000000,4,4,20977,81427,NGG1-NGH1
1606086073008206459,1606086073007550061,0,1,215880,T,A,0,51000000,1,4,18271,81429,NGG1-NGH1
1606086073008659458,1606086073007579289,0,1,215880,T,A,0,51000000,1,4,18835,81431,NGG1-NGH1
1606086073823996803,1606086073823134787,0,1,51363,T,N,0,-117000000,1,4,19501,81670,NGZ0-NGF1
1606086073823996803,1606086073823134787,0,1,111284,T,A,0,2696000000,1,132,19501,81670,NGZ0
1606086073823996803,1606086073823134787,0,1,111291,T,N,0,2813000000,1,4,19501,81670,NGF1
1606086075017450091,1606086075016552239,0,1,111284,T,A,0,2695000000,1,4,18385,81825,NGZ0
1606086076372095106,1606086076370665043,0,1,51363,T,A,0,-117000000,5,4,24850,81842,NGZ0-NGF1
1606086076372697505,1606086076372124731,0,1,51363,T,B,0,-117000000,5,4,18687,81849,NGZ0-NGF1
1606086077566316706,1606086077565441795,0,1,111291,T,B,0,2814000000,3,4,18491,81898,NGF1
1606086077567522380,1606086077567068771,0,1,111291,T,A,0,2813000000,1,4,18449,81918,NGF1
1606086077984997215,1606086077980601483,0,1,111291,T,B,0,2814000000,4,4,27641,81930,NGF1
1606086077984997215,1606086077980601483,0,1,111291,T,B,0,2815000000,6,4,27641,81930,NGF1
1606086077984997215,1606086077980601483,0,1,111291,T,B,0,2816000000,7,4,27641,81930,NGF1
1606086077984997215,1606086077980601483,0,1,111291,T,B,0,2817000000,1,4,27641,81930,NGF1
1606086077984997215,1606086077980601483,0,1,51363,T,N,0,-117000000,4,4,27641,81930,NGZ0-NGF1
1606086077984997215,1606086077980601483,0,1,111284,T,N,0,2698000000,1,4,27641,81930,NGZ0
1606086077984997215,1606086077980601483,0,1,111284,T,N,0,2699000000,3,4,27641,81930,NGZ0
1606086077984997215,1606086077980601483,0,1,111293,T,N,0,2796000000,1,4,27641,81930,NGG1
1606086077984997215,1606086077980601483,0,1,111293,T,N,0,2797000000,1,4,27641,81930,NGG1
1606086077984997215,1606086077980601483,0,1,15228,T,N,0,19000000,2,4,27641,81930,NGF1-NGG1
1606086077984997215,1606086077980601483,0,1,111294,T,N,0,2746000000,1,4,27641,81930,NGH1
1606086077984997215,1606086077980601483,0,1,215879,T,N,0,70000000,1,4,27641,81930,NGF1-NGH1
1606086077988081257,1606086077985301919,0,1,15228,T,B,0,19000000,5,4,18129,81988,NGF1-NGG1
1606086080317900725,1606086080316630505,0,1,111284,T,B,0,2700000000,3,4,21276,82218,NGZ0
1606086080317900725,1606086080316630505,0,1,51363,T,N,0,-116000000,2,4,21276,82218,NGZ0-NGF1
1606086080317900725,1606086080316630505,0,1,111291,T,N,0,2816000000,2,4,21276,82218,NGF1
1606086080319734986,1606086080318991787,0,1,111291,T,A,0,2815000000,2,4,17837,82238,NGF1
1606086080420640369,1606086080419982523,0,1,111291,T,A,0,2815000000,1,4,19125,82286,NGF1
1606086081115766017,1606086081115211583,0,1,111291,T,A,0,2814000000,1,4,18192,82335,NGF1
1606086082103934168,1606086082102664993,0,1,111291,T,N,0,2816000000,1,4,21190,82360,NGF1
1606086082103934168,1606086082102664993,0,1,51363,T,N,0,-116000000,1,4,21190,82360,NGZ0-NGF1
1606086082103934168,1606086082102664993,0,1,111284,T,B,0,2700000000,1,4,21190,82360,NGZ0
1606086082103934168,1606086082102664993,0,1,111284,T,B,0,2701000000,1,4,21190,82360,NGZ0
1606086082111075479,1606086082110522955,0,1,111291,T,A,0,2815000000,2,4,18484,82380,NGF1
1606086083376273602,1606086083375339501,0,1,51363,T,B,0,-116000000,3,4,18782,82448,NGZ0-NGF1
1606086083377331672,1606086083376282461,0,1,51363,T,B,0,-116000000,1,4,18323,82451,NGZ0-NGF1
1606086088214981616,1606086088214419715,0,1,111291,T,A,0,2814000000,2,4,18544,82571,NGF1
1606086088373539508,1606086088373085007,0,1,111291,T,A,0,2815000000,1,4,18036,82609,NGF1
1606086090312196601,1606086090311412863,0,1,111284,T,B,0,2700000000,1,4,23303,82713,NGZ0
1606086093048602201,1606086093044738375,0,1,111284,T,N,0,2700000000,1,4,29191,82769,NGZ0
1606086093048602201,1606086093044738375,0,1,111284,T,N,0,2701000000,3,4,29191,82769,NGZ0
1606086093048602201,1606086093044738375,0,1,111284,T,N,0,2702000000,1,4,29191,82769,NGZ0
1606086093048602201,1606086093044738375,0,1,111291,T,B,0,2816000000,6,4,29191,82769,NGF1
1606086093048602201,1606086093044738375,0,1,111291,T,B,0,2817000000,6,4,29191,82769,NGF1
1606086093048602201,1606086093044738375,0,1,111291,T,B,0,2818000000,6,4,29191,82769,NGF1
1606086093048602201,1606086093044738375,0,1,111291,T,B,0,2819000000,6,4,29191,82769,NGF1
1606086093048602201,1606086093044738375,0,1,111291,T,B,0,2820000000,1,4,29191,82769,NGF1
1606086093048602201,1606086093044738375,0,1,51363,T,N,0,-116000000,3,4,29191,82769,NGZ0-NGF1
1606086093048602201,1606086093044738375,0,1,51363,T,N,0,-117000000,2,4,29191,82769,NGZ0-NGF1
1606086093048602201,1606086093044738375,0,1,15228,T,N,0,19000000,4,4,29191,82769,NGF1-NGG1
1606086093048602201,1606086093044738375,0,1,215879,T,N,0,71000000,2,4,29191,82769,NGF1-NGH1
1606086093048602201,1606086093044738375,0,1,111294,T,N,0,2747000000,1,4,29191,82769,NGH1
1606086093048602201,1606086093044738375,0,1,111294,T,N,0,2748000000,1,4,29191,82769,NGH1
1606086093048602201,1606086093044738375,0,1,111293,T,N,0,2797000000,1,4,29191,82769,NGG1
1606086093048602201,1606086093044738375,0,1,111293,T,N,0,2799000000,2,4,29191,82769,NGG1
1606086093048602201,1606086093044738375,0,1,111293,T,N,0,2800000000,1,4,29191,82769,NGG1
1606086093048602201,1606086093044738375,0,1,111296,T,N,0,2630000000,1,4,29191,82769,NGJ1
1606086093048602201,1606086093044738375,0,1,24441,T,N,0,189000000,1,4,29191,82769,NGF1-NGJ1
1606086093052503561,1606086093048680961,0,1,215879,T,B,0,71000000,2,4,18967,82836,NGF1-NGH1
1606086093055582076,1606086093052686609,0,1,215879,T,A,0,71000000,1,4,17841,82932,NGF1-NGH1
1606086093056086579,1606086093053286657,0,1,51363,T,N,0,-116000000,3,4,18578,82953,NGZ0-NGF1
1606086093056086579,1606086093053286657,0,1,111291,T,A,0,2816000000,1,4,18578,82953,NGF1
1606086093056086579,1606086093053286657,0,1,111291,T,A,0,2815000000,4,4,18578,82953,NGF1
1606086093056086579,1606086093053286657,0,1,111284,T,N,0,2700000000,1,4,18578,82953,NGZ0
1606086093056086579,1606086093053286657,0,1,111284,T,N,0,2699000000,2,4,18578,82953,NGZ0
1606086093056487026,1606086093053853929,0,1,111291,T,B,0,2815000000,1,4,17671,82964,NGF1
1606086093056775521,1606086093053949915,0,1,15228,T,B,0,19000000,1,4,17241,82972,NGF1-NGG1
1606086093057312660,1606086093054436035,0,1,111291,T,B,0,2815000000,1,4,18716,82982,NGF1
1606086093058044159,1606086093055631391,0,1,111291,T,B,0,2815000000,1,4,19113,82994,NGF1
1606086093058899465,1606086093056514345,0,1,111291,T,B,0,2815000000,2,4,17641,83017,NGF1
1606086093669888762,1606086093669121637,0,1,111284,T,B,0,2699000000,1,4,18265,83147,NGZ0
1606086097995282668,1606086097994609863,0,1,111291,T,B,0,2818000000,1,4,26730,83298,NGF1
1606086098909777242,1606086098909043133,0,1,282765,T,B,0,-76000000,1,4,18367,83340,NGM1-NGU1
1606086100085879176,1606086100084622771,0,1,111291,T,B,0,2817000000,2,4,25551,83436,NGF1
1606086100097272662,1606086100094677933,0,1,111291,T,N,0,2816000000,1,4,18926,83453,NGF1
1606086100097272662,1606086100094677933,0,1,215879,T,N,0,70000000,1,4,18926,83453,NGF1-NGH1
1606086100097272662,1606086100094677933,0,1,111294,T,A,0,2746000000,1,132,18926,83453,NGH1
1606086100295624869,1606086100294680179,0,1,111294,T,A,0,2746000000,1,132,18377,83505,NGH1
1606086100295624869,1606086100294680179,0,1,215879,T,N,0,70000000,1,4,18377,83505,NGF1-NGH1
1606086100295624869,1606086100294680179,0,1,111291,T,N,0,2816000000,1,4,18377,83505,NGF1
1606086100310063902,1606086100309387341,0,1,111291,T,N,0,2817000000,1,4,18401,83524,NGF1
1606086100310063902,1606086100309387341,0,1,111284,T,B,0,2701000000,1,132,18401,83524,NGZ0
1606086100310063902,1606086100309387341,0,1,51363,T,N,0,-116000000,1,4,18401,83524,NGZ0-NGF1
1606086101015641588,1606086101012250721,0,1,51363,T,N,0,-117000000,7,4,24547,83630,NGZ0-NGF1
1606086101015641588,1606086101012250721,0,1,111284,T,N,0,2702000000,3,4,24547,83630,NGZ0
1606086101015641588,1606086101012250721,0,1,111284,T,N,0,2703000000,4,4,24547,83630,NGZ0
1606086101015641588,1606086101012250721,0,1,111291,T,B,0,2818000000,3,4,24547,83630,NGF1
1606086101015641588,1606086101012250721,0,1,111291,T,B,0,2819000000,12,4,24547,83630,NGF1
1606086101015641588,1606086101012250721,0,1,111291,T,B,0,2820000000,10,4,24547,83630,NGF1
1606086101015641588,1606086101012250721,0,1,215879,T,N,0,71000000,2,4,24547,83630,NGF1-NGH1
1606086101015641588,1606086101012250721,0,1,111294,T,N,0,2748000000,1,4,24547,83630,NGH1
1606086101015641588,1606086101012250721,0,1,111294,T,N,0,2749000000,1,4,24547,83630,NGH1
1606086101015641588,1606086101012250721,0,1,15228,T,N,0,19000000,11,4,24547,83630,NGF1-NGG1
1606086101015641588,1606086101012250721,0,1,111293,T,N,0,2799000000,1,4,24547,83630,NGG1
1606086101015641588,1606086101012250721,0,1,111293,T,N,0,2800000000,7,4,24547,83630,NGG1
1606086101015641588,1606086101012250721,0,1,111293,T,N,0,2801000000,3,4,24547,83630,NGG1
1606086101024048652,1606086101022290387,0,1,111296,T,B,0,2630000000,1,4,18471,83806,NGJ1
1606086101024750195,1606086101024066403,0,1,111296,T,B,0,2630000000,2,4,17814,83819,NGJ1
1606086101026954243,1606086101024782203,0,1,111296,T,B,0,2630000000,1,4,18533,83867,NGJ1
1606086101027798394,1606086101024823769,0,1,111296,T,N,0,2630000000,1,4,19299,83878,NGJ1
1606086101027798394,1606086101024823769,0,1,111294,T,B,0,2747000000,1,132,19299,83878,NGH1
1606086101027798394,1606086101024823769,0,1,24512,T,N,0,117000000,1,4,19299,83878,NGH1-NGJ1
1606086101090290231,1606086101089402623,0,1,111296,T,N,0,2630000000,1,4,18315,84074,NGJ1
1606086101090290231,1606086101089402623,0,1,111291,T,B,0,2818000000,1,132,18315,84074,NGF1
1606086101090290231,1606086101089402623,0,1,24441,T,N,0,188000000,1,4,18315,84074,NGF1-NGJ1
1606086101090433571,1606086101089772583,0,1,111296,T,N,0,2630000000,1,4,17707,84076,NGJ1
1606086101090433571,1606086101089772583,0,1,24512,T,N,0,117000000,1,4,17707,84076,NGH1-NGJ1
1606086101090433571,1606086101089772583,0,1,111294,T,B,0,2747000000,1,132,17707,84076,NGH1
1606086101091571137,1606086101090358981,0,1,15228,T,B,0,19000000,1,4,17772,84081,NGF1-NGG1
1606086101092027448,1606086101090358981,0,1,215880,T,B,0,51000000,1,4,17671,84083,NGG1-NGH1
1606086101092453963,1606086101090358981,0,1,24512,T,B,0,117000000,1,4,17590,84085,NGH1-NGJ1
1606086101806728774,1606086101806261621,0,1,111284,T,A,0,2700000000,1,4,18559,84150,NGZ0
1606086110294438098,1606086110293505185,0,1,111296,T,N,0,2630000000,1,4,19258,84324,NGJ1
1606086110294438098,1606086110293505185,0,1,111293,T,B,0,2799000000,1,4,19258,84324,NGG1
1606086110294438098,1606086110293505185,0,1,24463,T,N,0,169000000,1,4,19258,84324,NGG1-NGJ1
1606086110295483900,1606086110294721931,0,1,24512,T,B,0,117000000,1,4,23304,84331,NGH1-NGJ1
1606086110295706199,1606086110294830733,0,1,215880,T,B,0,51000000,1,4,20960,84333,NGG1-NGH1
1606086110311326546,1606086110310629807,0,1,111284,T,B,0,2703000000,1,132,18751,84365,NGZ0
1606086110311326546,1606086110310629807,0,1,111291,T,N,0,2819000000,1,4,18751,84365,NGF1
1606086110311326546,1606086110310629807,0,1,51363,T,N,0,-116000000,1,4,18751,84365,NGZ0-NGF1
1606086110312149632,1606086110311338909,0,1,111291,T,B,0,2818000000,1,132,18233,84369,NGF1
1606086110312149632,1606086110311338909,0,1,111296,T,N,0,2630000000,1,4,18233,84369,NGJ1
1606086110312149632,1606086110311338909,0,1,24441,T,N,0,188000000,1,4,18233,84369,NGF1-NGJ1
1606086110313226666,1606086110312221945,0,1,15228,T,B,0,19000000,1,4,19680,84376,NGF1-NGG1
1606086110313654417,1606086110312221945,0,1,215880,T,B,0,51000000,1,4,18356,84378,NGG1-NGH1
1606086110313922305,1606086110312221945,0,1,24512,T,B,0,117000000,1,4,18374,84380,NGH1-NGJ1
1606086112736198478,1606086112735093125,0,1,111291,T,N,0,2820000000,1,4,24775,84493,NGF1
1606086112736198478,1606086112735093125,0,1,51363,T,N,0,-116000000,1,4,24775,84493,NGZ0-NGF1
1606086112736198478,1606086112735093125,0,1,111284,T,B,0,2704000000,2,4,24775,84493,NGZ0
1606086114286304341,1606086114285140521,0,1,111291,T,B,0,2819000000,1,132,19736,84538,NGF1
1606086114286304341,1606086114285140521,0,1,24441,T,N,0,189000000,1,4,19736,84538,NGF1-NGJ1
1606086114286304341,1606086114285140521,0,1,111296,T,N,0,2630000000,1,4,19736,84538,NGJ1
1606086114287272059,1606086114286371275,0,1,15228,T,B,0,19000000,1,4,18642,84544,NGF1-NGG1
1606086114287571579,1606086114286371275,0,1,215880,T,B,0,52000000,1,4,18465,84546,NGG1-NGH1
1606086114287888182,1606086114286371275,0,1,24512,T,B,0,117000000,1,4,18587,84548,NGH1-NGJ1
1606086114288789728,1606086114287959501,0,1,111296,T,N,0,2630000000,1,4,18190,84582,NGJ1
1606086114288789728,1606086114287959501,0,1,24441,T,A,0,189000000,1,132,18190,84582,NGF1-NGJ1
1606086114288789728,1606086114287959501,0,1,111291,T,N,0,2819000000,1,4,18190,84582,NGF1
1606086114289217683,1606086114288194753,0,1,24512,T,B,0,117000000,6,4,18065,84588,NGH1-NGJ1
1606086114290663057,1606086114288710877,0,1,15228,T,B,0,19000000,1,4,18256,84592,NGF1-NGG1
1606086114291152524,1606086114288710877,0,1,215880,T,B,0,52000000,1,4,18747,84594,NGG1-NGH1
1606086114605028348,1606086114604196719,0,1,111296,T,N,0,2630000000,1,4,32226,84868,NGJ1
1606086114605028348,1606086114604196719,0,1,24463,T,N,0,170000000,1,4,32226,84868,NGG1-NGJ1
1606086114605028348,1606086114604196719,0,1,111293,T,B,0,2800000000,1,132,32226,84868,NGG1
1606086115796089922,1606086115795028075,0,1,111291,T,N,0,2818000000,3,4,19899,84911,NGF1
1606086115796089922,1606086115795028075,0,1,111284,T,A,0,2701000000,6,4,19899,84911,NGZ0
1606086115796089922,1606086115795028075,0,1,111284,T,A,0,2700000000,2,4,19899,84911,NGZ0
1606086115796089922,1606086115795028075,0,1,51363,T,N,0,-117000000,3,4,19899,84911,NGZ0-NGF1
1606086115796451298,1606086115795059859,0,1,111293,T,N,0,2799000000,1,4,18049,84918,NGG1
1606086115796451298,1606086115795059859,0,1,215880,T,N,0,52000000,1,4,18049,84918,NGG1-NGH1
1606086115796451298,1606086115795059859,0,1,111294,T,A,0,2747000000,1,132,18049,84918,NGH1
1606086117193002613,1606086117192316941,0,1,111294,T,A,0,2747000000,1,132,18347,85116,NGH1
1606086117193002613,1606086117192316941,0,1,215880,T,N,0,52000000,1,4,18347,85116,NGG1-NGH1
1606086117193002613,1606086117192316941,0,1,111293,T,N,0,2799000000,1,4,18347,85116,NGG1
1606086117978381136,1606086117977688961,0,1,111293,T,N,0,2799000000,1,4,19753,85155,NGG1
1606086117978381136,1606086117977688961,0,1,215880,T,N,0,52000000,1,4,19753,85155,NGG1-NGH1
1606086117978381136,1606086117977688961,0,1,111294,T,A,0,2747000000,1,132,19753,85155,NGH1
1606086118736738525,1606086118735810191,0,1,51363,T,N,0,-117000000,1,4,20264,85168,NGZ0-NGF1
1606086118736738525,1606086118735810191,0,1,111284,T,N,0,2702000000,1,4,20264,85168,NGZ0
1606086118736738525,1606086118735810191,0,1,111291,T,B,0,2819000000,2,4,20264,85168,NGF1
1606086119484914520,1606086119484045193,0,1,111293,T,B,0,2799000000,1,132,28795,85218,NGG1
1606086119484914520,1606086119484045193,0,1,24463,T,N,0,169000000,1,4,28795,85218,NGG1-NGJ1
1606086119484914520,1606086119484045193,0,1,111296,T,N,0,2630000000,1,4,28795,85218,NGJ1
1606086119485671418,1606086119484946661,0,1,24463,T,B,0,169000000,2,4,18930,85223,NGG1-NGJ1
1606086119606189433,1606086119605724819,0,1,111284,T,A,0,2701000000,1,4,30432,85234,NGZ0
1606086120271628164,1606086120270897969,0,1,24463,T,N,0,169000000,1,4,28788,85256,NGG1-NGJ1
1606086120271628164,1606086120270897969,0,1,111296,T,N,0,2630000000,1,4,28788,85256,NGJ1
1606086120271628164,1606086120270897969,0,1,111293,T,B,0,2799000000,1,132,28788,85256,NGG1
1606086120313346689,1606086120312867389,0,1,111284,T,B,0,2704000000,2,4,19094,85274,NGZ0
1606086120563585247,1606086120562005185,0,1,111293,T,B,0,2799000000,1,132,26580,85283,NGG1
1606086120563585247,1606086120562005185,0,1,111296,T,N,0,2630000000,1,4,26580,85283,NGJ1
1606086120563585247,1606086120562005185,0,1,24463,T,N,0,169000000,1,4,26580,85283,NGG1-NGJ1
1606086121076514761,1606086121075929247,0,1,111284,T,A,0,2701000000,1,4,27864,85290,NGZ0
1606086122096950404,1606086122096419879,0,1,111284,T,A,0,2701000000,2,4,30419,85345,NGZ0
1606086122596884130,1606086122596216015,0,1,51363,T,A,0,-117000000,1,4,19057,85363,NGZ0-NGF1
1606086124963680696,1606086124962601163,0,1,24441,T,A,0,189000000,1,4,19518,85490,NGF1-NGJ1
1606086125116296815,1606086125115128339,0,1,24512,T,B,0,118000000,1,4,24309,85494,NGH1-NGJ1
1606086127754378918,1606086127753251225,0,1,111284,T,A,0,2701000000,1,4,27967,85543,NGZ0
1606086130315134970,1606086130312090069,0,1,111284,T,B,0,2703000000,5,4,30120,85600,NGZ0
1606086130315134970,1606086130312090069,0,1,51363,T,N,0,-117000000,2,4,30120,85600,NGZ0-NGF1
1606086130315134970,1606086130312090069,0,1,111291,T,N,0,2820000000,2,4,30120,85600,NGF1
1606086130315134970,1606086130312090069,0,1,28203,T,N,0,10250000,1,4,30120,85600,NGZ0-HHZ0
1606086130363118618,1606086130362062565,0,1,111291,T,B,0,2820000000,1,4,19628,85637,NGF1
1606086130363118618,1606086130362062565,0,1,111291,T,B,0,2821000000,2,4,19628,85637,NGF1
1606086130363118618,1606086130362062565,0,1,24441,T,N,0,190000000,1,4,19628,85637,NGF1-NGJ1
1606086130363118618,1606086130362062565,0,1,111296,T,N,0,2630000000,1,4,19628,85637,NGJ1
1606086130364087592,1606086130363131971,0,1,15228,T,B,0,19000000,1,4,18044,85639,NGF1-NGG1
1606086130367651462,1606086130363131971,0,1,215880,T,B,0,52000000,1,4,18922,85641,NGG1-NGH1
1606086130367757485,1606086130363131971,0,1,24512,T,B,0,118000000,1,4,17278,85643,NGH1-NGJ1
1606086130418144582,1606086130417477213,0,1,111291,T,B,0,2821000000,3,4,19357,85672,NGF1
1606086130473622432,1606086130472646169,0,1,111291,T,B,0,2820000000,1,4,22317,85692,NGF1
1606086130473622432,1606086130472646169,0,1,111291,T,B,0,2821000000,2,4,22317,85692,NGF1
1606086130473622432,1606086130472646169,0,1,111296,T,N,0,2630000000,1,4,22317,85692,NGJ1
1606086130473622432,1606086130472646169,0,1,24441,T,N,0,190000000,1,4,22317,85692,NGF1-NGJ1
1606086130474337355,1606086130473588809,0,1,15228,T,B,0,19000000,1,4,18497,85697,NGF1-NGG1
1606086130474578835,1606086130473588809,0,1,215880,T,B,0,52000000,1,4,17494,85699,NGG1-NGH1
1606086130474894518,1606086130473588809,0,1,24512,T,B,0,118000000,1,4,18132,85701,NGH1-NGJ1
1606086130475594681,1606086130474888623,0,1,24441,T,A,0,190000000,1,132,18635,85708,NGF1-NGJ1
1606086130475594681,1606086130474888623,0,1,111296,T,N,0,2630000000,1,4,18635,85708,NGJ1
1606086130475594681,1606086130474888623,0,1,111291,T,N,0,2820000000,1,4,18635,85708,NGF1
1606086130476393071,1606086130475555233,0,1,15228,T,B,0,19000000,1,4,17598,85725,NGF1-NGG1
1606086130476693935,1606086130475555233,0,1,215880,T,B,0,52000000,1,4,22366,85727,NGG1-NGH1
1606086130476915014,1606086130475555233,0,1,24512,T,B,0,118000000,1,4,18442,85729,NGH1-NGJ1
1606086130477907916,1606086130475950941,0,1,111291,T,A,0,2820000000,1,4,17825,85752,NGF1
1606086132924149579,1606086132923662745,0,1,111291,T,A,0,2820000000,2,4,18360,85833,NGF1
1606086133658589823,1606086133658148013,0,1,111291,T,A,0,2819000000,1,4,29180,85878,NGF1
1606086135277382573,1606086135275682643,0,1,111291,T,B,0,2820000000,1,132,24362,85903,NGF1
1606086135277382573,1606086135275682643,0,1,111296,T,N,0,2630000000,1,4,24362,85903,NGJ1
1606086135277382573,1606086135275682643,0,1,24441,T,N,0,190000000,1,4,24362,85903,NGF1-NGJ1
1606086135278468971,1606086135277410745,0,1,15228,T,B,0,19000000,1,4,23537,85910,NGF1-NGG1
1606086135278785243,1606086135277410745,0,1,215880,T,B,0,52000000,1,4,17712,85912,NGG1-NGH1
1606086135279970872,1606086135277410745,0,1,24512,T,B,0,118000000,1,4,19034,85914,NGH1-NGJ1
1606086135713310695,1606086135712222665,0,1,111291,T,B,0,2821000000,3,4,19144,85959,NGF1
1606086135713310695,1606086135712222665,0,1,51363,T,N,0,-118000000,1,4,19144,85959,NGZ0-NGF1
1606086135713310695,1606086135712222665,0,1,111284,T,N,0,2703000000,1,4,19144,85959,NGZ0
1606086135714402573,1606086135713694423,0,1,111291,T,N,0,2820000000,1,4,18616,85983,NGF1
1606086135714402573,1606086135713694423,0,1,24441,T,A,0,190000000,1,132,18616,85983,NGF1-NGJ1
1606086135714402573,1606086135713694423,0,1,111296,T,N,0,2630000000,1,4,18616,85983,NGJ1
1606086135715094600,1606086135714377053,0,1,15228,T,B,0,19000000,1,4,17652,86001,NGF1-NGG1
1606086135715431095,1606086135714377053,0,1,215880,T,B,0,52000000,1,4,18093,86003,NGG1-NGH1
1606086135715738219,1606086135714377053,0,1,24512,T,B,0,118000000,1,4,18143,86005,NGH1-NGJ1
1606086140316586171,1606086140315420337,0,1,111284,T,B,0,2702000000,1,132,23113,86614,NGZ0
1606086140316586171,1606086140315420337,0,1,28203,T,N,0,10250000,1,4,23113,86614,NGZ0-HHZ0
1606086140915169012,1606086140913683749,0,1,111296,T,N,0,2630000000,1,4,27612,86634,NGJ1
1606086140915169012,1606086140913683749,0,1,24441,T,N,0,190000000,1,4,27612,86634,NGF1-NGJ1
1606086140915169012,1606086140913683749,0,1,111291,T,B,0,2820000000,1,4,27612,86634,NGF1
1606086140915169012,1606086140913683749,0,1,111291,T,B,0,2821000000,2,4,27612,86634,NGF1
1606086140917175928,1606086140915068857,0,1,15228,T,B,0,19000000,1,4,19615,86638,NGF1-NGG1
1606086140917696068,1606086140915068857,0,1,24512,T,B,0,118000000,1,4,26494,86639,NGH1-NGJ1
1606086140917696068,1606086140915068857,0,1,215880,T,B,0,52000000,1,4,26494,86639,NGG1-NGH1
1606086140918518294,1606086140917731435,0,1,111291,T,N,0,2820000000,1,4,18657,86649,NGF1
1606086140918518294,1606086140917731435,0,1,111284,T,A,0,2702000000,1,132,18657,86649,NGZ0
1606086140918518294,1606086140917731435,0,1,51363,T,N,0,-118000000,1,4,18657,86649,NGZ0-NGF1
1606086140918642746,1606086140917734981,0,1,111284,T,B,0,2703000000,1,4,18536,86653,NGZ0
1606086142565694197,1606086142565119379,0,1,215880,T,A,0,51000000,1,4,18348,86764,NGG1-NGH1
1606086142566634143,1606086142565844745,0,1,111291,T,N,0,2819000000,1,4,19024,86779,NGF1
1606086142566634143,1606086142565844745,0,1,24441,T,A,0,189000000,1,4,19024,86779,NGF1-NGJ1
1606086142566634143,1606086142565844745,0,1,111296,T,N,0,2630000000,1,4,19024,86779,NGJ1
1606086142567335954,1606086142566607699,0,1,15228,T,B,0,19000000,1,4,18065,86798,NGF1-NGG1
1606086142567691354,1606086142566607699,0,1,215880,T,B,0,51000000,1,4,18762,86800,NGG1-NGH1
1606086142567886417,1606086142566607699,0,1,24512,T,B,0,118000000,1,4,18002,86802,NGH1-NGJ1
1606086142568015233,1606086142566665343,0,1,111291,T,A,0,2819000000,1,4,18259,86807,NGF1
1606086142702281483,1606086142701533817,0,1,111291,T,B,0,2819000000,1,132,28339,86854,NGF1
1606086142702281483,1606086142701533817,0,1,111296,T,N,0,2630000000,1,4,28339,86854,NGJ1
1606086142702281483,1606086142701533817,0,1,24441,T,N,0,189000000,1,4,28339,86854,NGF1-NGJ1
1606086142703075050,1606086142702261225,0,1,15228,T,B,0,19000000,1,4,19019,86858,NGF1-NGG1
1606086142703368605,1606086142702261225,0,1,215880,T,B,0,51000000,1,4,18074,86860,NGG1-NGH1
1606086142703596497,1606086142702261225,0,1,24512,T,B,0,118000000,1,4,18024,86862,NGH1-NGJ1
1606086143531647586,1606086143531039499,0,1,215879,T,B,0,70000000,1,4,33862,86920,NGF1-NGH1
1606086143633122664,1606086143631822161,0,1,215879,T,B,0,70000000,1,4,20874,86935,NGF1-NGH1
1606086143733306285,1606086143732710489,0,1,215879,T,B,0,70000000,1,4,19425,86954,NGF1-NGH1
1606086143852296570,1606086143851906113,0,1,111284,T,A,0,2701000000,2,4,22502,86971,NGZ0
1606086143853949687,1606086143853228651,0,1,215879,T,N,0,71000000,1,4,18558,86981,NGF1-NGH1
1606086143853949687,1606086143853228651,0,1,111291,T,N,0,2818000000,1,4,18558,86981,NGF1
1606086143853949687,1606086143853228651,0,1,111294,T,A,0,2747000000,1,132,18558,86981,NGH1
1606086144326296789,1606086144325399831,0,1,111294,T,A,0,2747000000,3,132,19755,87023,NGH1
1606086144326296789,1606086144325399831,0,1,111291,T,N,0,2818000000,3,4,19755,87023,NGF1
1606086144326296789,1606086144325399831,0,1,215879,T,N,0,71000000,3,4,19755,87023,NGF1-NGH1
1606086146335737323,1606086146334257767,0,1,111291,T,B,0,2819000000,3,132,26937,87151,NGF1
1606086146335737323,1606086146334257767,0,1,24441,T,N,0,189000000,3,4,26937,87151,NGF1-NGJ1
1606086146335737323,1606086146334257767,0,1,111296,T,N,0,2630000000,3,4,26937,87151,NGJ1
1606086146336578189,1606086146335720853,0,1,24512,T,B,0,118000000,1,4,18159,87156,NGH1-NGJ1
1606086146336923153,1606086146335734509,0,1,15228,T,B,0,19000000,1,4,18074,87158,NGF1-NGG1
1606086146337295500,1606086146335734509,0,1,215880,T,B,0,51000000,1,4,17726,87160,NGG1-NGH1
1606086146337508820,1606086146335734509,0,1,24512,T,B,0,118000000,1,4,17527,87162,NGH1-NGJ1
1606086146339454428,1606086146336350963,0,1,24512,T,B,0,118000000,1,4,18132,87196,NGH1-NGJ1
1606086146514513887,1606086146514010869,0,1,215879,T,A,0,70000000,1,4,20035,87248,NGF1-NGH1
1606086148151340219,1606086148150147981,0,1,111296,T,N,0,2630000000,1,4,24975,87264,NGJ1
1606086148151340219,1606086148150147981,0,1,24441,T,N,0,189000000,1,4,24975,87264,NGF1-NGJ1
1606086148151340219,1606086148150147981,0,1,111291,T,B,0,2819000000,1,4,24975,87264,NGF1
1606086148152224034,1606086148151402741,0,1,15228,T,B,0,19000000,1,4,20131,87271,NGF1-NGG1
1606086148152627953,1606086148151402741,0,1,215880,T,B,0,51000000,1,4,22224,87273,NGG1-NGH1
1606086148152886192,1606086148151402741,0,1,24512,T,B,0,118000000,1,4,17857,87275,NGH1-NGJ1
1606086148153137000,1606086148151573793,0,1,111291,T,A,0,2819000000,4,4,17446,87281,NGF1
1606086148155344976,1606086148154585599,0,1,111291,T,A,0,2819000000,1,4,18057,87325,NGF1
1606086148622672591,1606086148622113981,0,1,111284,T,A,0,2701000000,1,4,17748,87361,NGZ0
1606086148838616183,1606086148837826363,0,1,111291,T,B,0,2819000000,1,132,20877,87401,NGF1
1606086148838616183,1606086148837826363,0,1,24441,T,N,0,189000000,1,4,20877,87401,NGF1-NGJ1
1606086148838616183,1606086148837826363,0,1,111296,T,N,0,2630000000,1,4,20877,87401,NGJ1
1606086148841029470,1606086148840179503,0,1,15228,T,B,0,19000000,1,4,17978,87432,NGF1-NGG1
1606086148841296174,1606086148840179503,0,1,215880,T,B,0,51000000,1,4,18571,87434,NGG1-NGH1
1606086148841533265,1606086148840179503,0,1,24512,T,B,0,118000000,1,4,17711,87436,NGH1-NGJ1
1606086148841926161,1606086148841417857,0,1,215879,T,A,0,70000000,1,4,17878,87440,NGF1-NGH1
1606086148843393794,1606086148842019937,0,1,24512,T,B,0,118000000,1,4,18278,87447,NGH1-NGJ1
1606086150316461977,1606086150315734715,0,1,111284,T,B,0,2702000000,2,4,17855,87627,NGZ0
1606086151356227909,1606086151355514735,0,1,111284,T,A,0,2701000000,1,4,23959,87661,NGZ0
1606086151356227909,1606086151355514735,0,1,111284,T,A,0,2700000000,1,4,23959,87661,NGZ0
1606086151463339166,1606086151459237657,0,1,111296,T,N,0,2630000000,2,4,20388,87697,NGJ1
1606086151463339166,1606086151459237657,0,1,24441,T,N,0,189000000,2,4,20388,87697,NGF1-NGJ1
1606086151463339166,1606086151459237657,0,1,111291,T,B,0,2819000000,3,4,20388,87697,NGF1
1606086151464216477,1606086151462502263,0,1,15228,T,B,0,19000000,1,4,19178,87703,NGF1-NGG1
1606086151464245828,1606086151462502263,0,1,215880,T,B,0,51000000,1,4,21712,87704,NGG1-NGH1
1606086151464375040,1606086151462502263,0,1,24512,T,B,0,118000000,1,4,18338,87705,NGH1-NGJ1
1606086151464525316,1606086151462889895,0,1,24512,T,B,0,118000000,1,4,17142,87707,NGH1-NGJ1
1606086151464784267,1606086151462999403,0,1,215879,T,B,0,70000000,1,4,18339,87709,NGF1-NGH1
1606086151467040191,1606086151464932487,0,1,111291,T,A,0,2818000000,1,4,18519,87751,NGF1
1606086154225838793,1606086154224934585,0,1,111291,T,B,0,2818000000,1,4,23709,87898,NGF1
1606086154960478304,1606086154959882275,0,1,111291,T,A,0,2817000000,1,4,23280,87918,NGF1
1606086157427578640,1606086157426999241,0,1,111284,T,B,0,2702000000,1,4,18043,87937,NGZ0
1606086157534407346,1606086157532233193,0,1,111291,T,B,0,2818000000,1,4,20547,87943,NGF1
1606086157534407346,1606086157532233193,0,1,111291,T,B,0,2819000000,4,4,20547,87943,NGF1
1606086157534407346,1606086157532233193,0,1,15228,T,N,0,19000000,2,4,20547,87943,NGF1-NGG1
1606086157534407346,1606086157532233193,0,1,24441,T,N,0,189000000,2,4,20547,87943,NGF1-NGJ1
1606086157534407346,1606086157532233193,0,1,111296,T,N,0,2630000000,2,4,20547,87943,NGJ1
1606086157534407346,1606086157532233193,0,1,111293,T,N,0,2799000000,1,4,20547,87943,NGG1
1606086157534407346,1606086157532233193,0,1,111293,T,N,0,2800000000,1,4,20547,87943,NGG1
1606086157536177230,1606086157534818097,0,1,24512,T,B,0,118000000,1,4,21227,87964,NGH1-NGJ1
1606086157536209238,1606086157534947119,0,1,215879,T,B,0,70000000,1,4,17713,87966,NGF1-NGH1
1606086157536841441,1606086157535520829,0,1,24512,T,B,0,118000000,1,4,17851,87979,NGH1-NGJ1
1606086159313319957,1606086159312278413,0,1,215879,T,A,0,70000000,1,4,18467,88049,NGF1-NGH1
1606086159314190435,1606086159313667461,0,1,15142,T,A,0,-99000000,1,4,18061,88070,NGZ0-NGG1
1606086159314922842,1606086159313671783,0,1,111293,T,N,0,2798000000,1,4,18590,88072,NGG1
1606086159314922842,1606086159313671783,0,1,215880,T,N,0,51000000,1,4,18590,88072,NGG1-NGH1
1606086159314922842,1606086159313671783,0,1,111294,T,A,0,2747000000,1,132,18590,88072,NGH1
1606086159336572936,1606086159335898169,0,1,111298,T,N,0,2621000000,1,4,19232,88121,NGK1
1606086159336572936,1606086159335898169,0,1,121372,T,N,0,-43000000,1,4,19232,88121,NGK1-NGM1
1606086159336572936,1606086159335898169,0,1,111299,T,A,0,2664000000,1,4,19232,88121,NGM1
1606086160314410906,1606086160313846975,0,1,111284,T,B,0,2701000000,10,4,17531,88447,NGZ0
1606086163028148240,1606086163026892335,0,1,111294,T,B,0,2748000000,1,132,24772,88487,NGH1
1606086163028148240,1606086163026892335,0,1,24512,T,N,0,118000000,1,4,24772,88487,NGH1-NGJ1
1606086163028148240,1606086163026892335,0,1,111296,T,N,0,2630000000,1,4,24772,88487,NGJ1
1606086163576680977,1606086163576181323,0,1,111291,T,B,0,2818000000,1,4,20166,88644,NGF1
1606086165576674871,1606086165575932749,0,1,111284,T,B,0,2700000000,1,4,17832,88685,NGZ0
1606086170181126691,1606086170179519557,0,1,111291,T,B,0,2819000000,4,4,19251,88765,NGF1
1606086170181126691,1606086170179519557,0,1,111296,T,N,0,2630000000,4,4,19251,88765,NGJ1
1606086170181126691,1606086170179519557,0,1,24441,T,N,0,189000000,4,4,19251,88765,NGF1-NGJ1
1606086170189332700,1606086170180959799,0,1,24512,T,B,0,118000000,1,4,18501,88771,NGH1-NGJ1
1606086170189388524,1606086170181076467,0,1,215879,T,B,0,70000000,1,4,17848,88773,NGF1-NGH1
1606086170189658691,1606086170181163407,0,1,111291,T,A,0,2819000000,1,4,18199,88779,NGF1
1606086170190055922,1606086170181223617,0,1,15228,T,B,0,19000000,1,4,17562,88788,NGF1-NGG1
1606086170190094730,1606086170181223617,0,1,215880,T,B,0,51000000,1,4,18016,88790,NGG1-NGH1
1606086170190134054,1606086170181223617,0,1,24512,T,B,0,118000000,1,4,16919,88792,NGH1-NGJ1
1606086170191302684,1606086170181596533,0,1,24512,T,B,0,118000000,1,4,18034,88813,NGH1-NGJ1
1606086170191338804,1606086170182211615,0,1,24512,T,B,0,118000000,1,4,17615,88816,NGH1-NGJ1
1606086170191398876,1606086170183518841,0,1,24512,T,B,0,118000000,2,4,18569,88820,NGH1-NGJ1
1606086170191433932,1606086170183569663,0,1,24512,T,B,0,118000000,1,4,17483,88823,NGH1-NGJ1
1606086170192037395,1606086170190103977,0,1,215880,T,B,0,51000000,1,4,17219,88852,NGG1-NGH1
1606086170195112429,1606086170193509735,0,1,24512,T,B,0,118000000,1,4,19063,88927,NGH1-NGJ1
1606086170291227479,1606086170290682971,0,1,215879,T,A,0,70000000,1,4,21695,89069,NGF1-NGH1
1606086170314819182,1606086170314033539,0,1,111284,T,B,0,2702000000,3,4,18759,89090,NGZ0
1606086170314819182,1606086170314033539,0,1,28203,T,N,0,10500000,1,4,18759,89090,NGZ0-HHZ0
1606086170317826861,1606086170317362211,0,1,215879,T,A,0,70000000,1,4,18263,89098,NGF1-NGH1
1606086170318555139,1606086170318026461,0,1,215880,T,B,0,51000000,1,4,17879,89104,NGG1-NGH1
1606086170318725851,1606086170318031647,0,1,15228,T,B,0,19000000,1,4,18439,89106,NGF1-NGG1
1606086170319179930,1606086170318734453,0,1,15228,T,B,0,19000000,1,4,17874,89118,NGF1-NGG1
1606086171336915177,1606086171335897229,0,1,111284,T,A,0,2700000000,1,132,19939,89165,NGZ0
1606086171336915177,1606086171335897229,0,1,111291,T,N,0,2818000000,1,4,19939,89165,NGF1
1606086171336915177,1606086171335897229,0,1,51363,T,N,0,-118000000,1,4,19939,89165,NGZ0-NGF1
1606086171824282269,1606086171823662333,0,1,215879,T,B,0,70000000,1,4,19392,89200,NGF1-NGH1
1606086173536657183,1606086173536024443,0,1,111291,T,A,0,2818000000,1,4,17656,89261,NGF1
1606086173569191853,1606086173568017565,0,1,111291,T,B,0,2819000000,3,4,17705,89273,NGF1
1606086177263524810,1606086177262122073,0,1,111291,T,A,0,2818000000,1,4,19931,89314,NGF1
1606086178505827483,1606086178505287647,0,1,111291,T,B,0,2819000000,3,4,23540,89327,NGF1
1606086180003628175,1606086180001178845,0,1,111291,T,N,0,2818000000,1,4,18876,89365,NGF1
1606086180003628175,1606086180001178845,0,1,15228,T,N,0,19000000,1,4,18876,89365,NGF1-NGG1
1606086180003628175,1606086180001178845,0,1,111293,T,A,0,2799000000,1,132,18876,89365,NGG1
1606086180187152651,1606086180185965635,0,1,111291,T,B,0,2819000000,9,4,23808,89378,NGF1
1606086180187152651,1606086180185965635,0,1,24441,T,N,0,189000000,4,4,23808,89378,NGF1-NGJ1
1606086180187152651,1606086180185965635,0,1,111296,T,N,0,2630000000,4,4,23808,89378,NGJ1
1606086180188298689,1606086180187163935,0,1,215879,T,B,0,70000000,1,4,18056,89385,NGF1-NGH1
1606086180188497445,1606086180187240817,0,1,15228,T,B,0,19000000,1,4,20593,89390,NGF1-NGG1
1606086180188814160,1606086180187240817,0,1,215880,T,B,0,51000000,1,4,24610,89391,NGG1-NGH1
1606086180188814160,1606086180187240817,0,1,24512,T,B,0,118000000,1,4,24610,89391,NGH1-NGJ1
1606086180188940096,1606086180187307395,0,1,24512,T,B,0,118000000,1,4,18891,89397,NGH1-NGJ1
1606086180190697268,1606086180187954835,0,1,24512,T,B,0,118000000,1,4,22761,89405,NGH1-NGJ1
1606086180191089512,1606086180188582317,0,1,24512,T,B,0,118000000,1,4,26377,89407,NGH1-NGJ1
1606086180191145452,1606086180188846513,0,1,24512,T,B,0,118000000,2,4,23362,89409,NGH1-NGJ1
1606086180191155436,1606086180188874691,0,1,111296,T,N,0,2630000000,1,4,19063,89410,NGJ1
1606086180191155436,1606086180188874691,0,1,24441,T,A,0,189000000,1,132,19063,89410,NGF1-NGJ1
1606086180191155436,1606086180188874691,0,1,111291,T,N,0,2819000000,1,4,19063,89410,NGF1
1606086180192710909,1606086180190988057,0,1,15228,T,B,0,19000000,1,4,17743,89442,NGF1-NGG1
1606086180192936308,1606086180190988057,0,1,215880,T,B,0,51000000,1,4,25774,89443,NGG1-NGH1
1606086180317462034,1606086180317027635,0,1,111284,T,B,0,2703000000,6,4,18182,89593,NGZ0
1606086180319303518,1606086180318838313,0,1,111291,T,B,0,2820000000,3,4,18648,89604,NGF1
1606086181197068688,1606086181196469233,0,1,24512,T,A,0,118000000,1,4,23772,89717,NGH1-NGJ1
1606086181198100906,1606086181197076887,0,1,24512,T,A,0,118000000,8,4,20496,89719,NGH1-NGJ1
1606086181198100906,1606086181197076887,0,1,111296,T,N,0,2630000000,1,4,20496,89719,NGJ1
1606086181198100906,1606086181197076887,0,1,111294,T,N,0,2748000000,1,4,20496,89719,NGH1
1606086181200311518,1606086181199023351,0,1,111296,T,N,0,2630000000,1,4,18516,89757,NGJ1
1606086181200311518,1606086181199023351,0,1,111291,T,N,0,2819000000,1,4,18516,89757,NGF1
1606086181200311518,1606086181199023351,0,1,24441,T,A,0,189000000,1,4,18516,89757,NGF1-NGJ1
1606086181200830153,1606086181199707173,0,1,15228,T,B,0,19000000,1,4,20524,89773,NGF1-NGG1
1606086181200867897,1606086181199707173,0,1,215880,T,B,0,51000000,1,4,18892,89775,NGG1-NGH1
1606086181201742779,1606086181199707173,0,1,24512,T,B,0,118000000,1,4,18341,89777,NGH1-NGJ1
1606086181202880709,1606086181202265165,0,1,24441,T,A,0,189000000,1,132,24196,89807,NGF1-NGJ1
1606086181202880709,1606086181202265165,0,1,111291,T,N,0,2819000000,1,4,24196,89807,NGF1
1606086181202880709,1606086181202265165,0,1,111296,T,N,0,2630000000,1,4,24196,89807,NGJ1
1606086181204312534,1606086181202871897,0,1,15228,T,B,0,19000000,1,4,17916,89829,NGF1-NGG1
1606086183057453557,1606086183056279019,0,1,15228,T,N,0,19000000,1,4,23563,89940,NGF1-NGG1
1606086183057453557,1606086183056279019,0,1,111291,T,N,0,2819000000,1,4,23563,89940,NGF1
1606086183057453557,1606086183056279019,0,1,111293,T,A,0,2800000000,1,132,23563,89940,NGG1
1606086187282543393,1606086187281985663,0,1,111291,T,B,0,2821000000,1,4,20098,90027,NGF1
1606086189495020568,1606086189494207927,0,1,111291,T,A,0,2819000000,5,4,20281,90076,NGF1
1606086189496283822,1606086189495461837,0,1,111296,T,N,0,2628000000,1,4,18510,90093,NGJ1
1606086189496283822,1606086189495461837,0,1,111298,T,A,0,2621000000,1,132,18510,90093,NGK1
1606086189496283822,1606086189495461837,0,1,204979,T,N,0,7000000,1,4,18510,90093,NGJ1-NGK1
1606086190317066984,1606086190316555761,0,1,111284,T,A,0,2700000000,1,4,18045,90507,NGZ0
1606086191991223756,1606086191990417555,0,1,111284,T,N,0,2701000000,2,4,20849,90554,NGZ0
1606086191991223756,1606086191990417555,0,1,111291,T,B,0,2819000000,2,132,20849,90554,NGF1
1606086191991223756,1606086191990417555,0,1,51363,T,N,0,-118000000,2,4,20849,90554,NGZ0-NGF1
1606086191991434056,1606086191990748785,0,1,111296,T,N,0,2629000000,1,4,18301,90558,NGJ1
1606086191991434056,1606086191990748785,0,1,111293,T,B,0,2800000000,1,132,18301,90558,NGG1
1606086191991434056,1606086191990748785,0,1,24463,T,N,0,171000000,1,4,18301,90558,NGG1-NGJ1
1606086191992143270,1606086191991252303,0,1,51363,T,A,0,-118000000,5,4,19430,90567,NGZ0-NGF1
1606086192397254287,1606086192395021177,0,1,51363,T,N,0,-119000000,5,4,21687,91002,NGZ0-NGF1
1606086192397254287,1606086192395021177,0,1,111291,T,B,0,2820000000,2,4,21687,91002,NGF1
1606086192397254287,1606086192395021177,0,1,111291,T,B,0,2821000000,8,4,21687,91002,NGF1
1606086192397254287,1606086192395021177,0,1,111284,T,N,0,2702000000,5,4,21687,91002,NGZ0
1606086193506461951,1606086193505443797,0,1,204979,T,B,0,7000000,3,4,23504,91138,NGJ1-NGK1
1606086194315813385,1606086194314603791,0,1,24512,T,A,0,118000000,6,4,18841,91158,NGH1-NGJ1
1606086195491855642,1606086195491368599,0,1,111284,T,A,0,2700000000,1,4,23700,91220,NGZ0
1606086202253148348,1606086202252198025,0,1,51363,T,A,0,-118000000,1,4,18328,91439,NGZ0-NGF1
1606086202696417602,1606086202695433729,0,1,24512,T,A,0,117000000,8,4,24566,91482,NGH1-NGJ1
1606086202697358172,1606086202696569659,0,1,24463,T,A,0,168000000,1,132,21998,91499,NGG1-NGJ1
1606086202697358172,1606086202696569659,0,1,111293,T,N,0,2798000000,1,4,21998,91499,NGG1
1606086202697358172,1606086202696569659,0,1,111296,T,N,0,2630000000,1,4,21998,91499,NGJ1
1606086202698868609,1606086202698234529,0,1,111284,T,A,0,2700000000,1,4,17013,91541,NGZ0
1606086204888345911,1606086204887348921,0,1,215880,T,A,0,51000000,5,4,23123,91626,NGG1-NGH1
1606086204890354215,1606086204889537059,0,1,111296,T,N,0,2630000000,1,4,18821,91658,NGJ1
1606086204890354215,1606086204889537059,0,1,111291,T,N,0,2818000000,1,4,18821,91658,NGF1
1606086204890354215,1606086204889537059,0,1,24441,T,A,0,188000000,1,4,18821,91658,NGF1-NGJ1
1606086204890608114,1606086204889728845,0,1,215879,T,A,0,70000000,1,4,17778,91661,NGF1-NGH1
1606086204890919994,1606086204890029945,0,1,24441,T,A,0,188000000,1,4,19324,91667,NGF1-NGJ1
1606086204890919994,1606086204890029945,0,1,111291,T,N,0,2818000000,1,4,19324,91667,NGF1
1606086204890919994,1606086204890029945,0,1,111296,T,N,0,2630000000,1,4,19324,91667,NGJ1
1606086204891260493,1606086204890315563,0,1,111296,T,N,0,2630000000,1,4,17716,91676,NGJ1
1606086204891260493,1606086204890315563,0,1,111291,T,N,0,2818000000,1,4,17716,91676,NGF1
1606086204891260493,1606086204890315563,0,1,24441,T,A,0,188000000,1,4,17716,91676,NGF1-NGJ1
1606086204891666332,1606086204890350149,0,1,15228,T,B,0,19000000,1,4,17598,91680,NGF1-NGG1
1606086204891888832,1606086204890350149,0,1,215880,T,B,0,51000000,1,4,18372,91682,NGG1-NGH1
1606086204892129472,1606086204890350149,0,1,24512,T,B,0,117000000,1,4,17783,91684,NGH1-NGJ1
1606086204892640223,1606086204890641749,0,1,215879,T,A,0,70000000,2,4,18140,91695,NGF1-NGH1
1606086204892931598,1606086204890946463,0,1,24441,T,A,0,188000000,1,132,18254,91697,NGF1-NGJ1
1606086204892931598,1606086204890946463,0,1,111291,T,N,0,2818000000,1,4,18254,91697,NGF1
1606086204892931598,1606086204890946463,0,1,111296,T,N,0,2630000000,1,4,18254,91697,NGJ1
1606086204893225845,1606086204890948959,0,1,215880,T,B,0,51000000,1,4,22771,91699,NGG1-NGH1
1606086204893495341,1606086204891507945,0,1,111291,T,A,0,2818000000,1,4,18006,91708,NGF1
1606086204893883688,1606086204891820609,0,1,24512,T,B,0,117000000,1,4,18149,91711,NGH1-NGJ1
1606086204894144948,1606086204891897559,0,1,215880,T,B,0,51000000,1,4,17690,91714,NGG1-NGH1
1606086204894368963,1606086204891939439,0,1,215880,T,B,0,51000000,1,4,17461,91716,NGG1-NGH1
1606086204894571515,1606086204892048381,0,1,15228,T,B,0,19000000,1,4,18071,91718,NGF1-NGG1
1606086204894952982,1606086204892201155,0,1,111291,T,N,0,2818000000,1,4,18531,91731,NGF1
1606086204894952982,1606086204892201155,0,1,111296,T,N,0,2630000000,1,4,18531,91731,NGJ1
1606086204894952982,1606086204892201155,0,1,24441,T,A,0,188000000,1,132,18531,91731,NGF1-NGJ1
1606086204895510933,1606086204893094615,0,1,24512,T,B,0,117000000,1,4,18191,91742,NGH1-NGJ1
1606086204895566673,1606086204893211811,0,1,215880,T,B,0,51000000,1,4,22403,91743,NGG1-NGH1
1606086204895754529,1606086204893319621,0,1,15228,T,B,0,19000000,1,4,17490,91746,NGF1-NGG1
1606086204896918434,1606086204893420599,0,1,215879,T,B,0,70000000,1,4,18523,91748,NGF1-NGH1
1606086204897267390,1606086204893829249,0,1,24441,T,A,0,188000000,1,4,24126,91751,NGF1-NGJ1
1606086204897267390,1606086204893829249,0,1,111296,T,N,0,2630000000,1,4,24126,91751,NGJ1
1606086204897267390,1606086204893829249,0,1,111291,T,N,0,2818000000,1,4,24126,91751,NGF1
1606086204897554657,1606086204893884465,0,1,111291,T,N,0,2818000000,1,4,24006,91752,NGF1
1606086204897554657,1606086204893884465,0,1,111296,T,N,0,2630000000,1,4,24006,91752,NGJ1
1606086204897554657,1606086204893884465,0,1,24441,T,A,0,188000000,1,4,24006,91752,NGF1-NGJ1
1606086204897674405,1606086204894050837,0,1,24441,T,A,0,188000000,1,4,21617,91755,NGF1-NGJ1
1606086204897674405,1606086204894050837,0,1,111296,T,N,0,2630000000,1,4,21617,91755,NGJ1
1606086204897674405,1606086204894050837,0,1,111291,T,N,0,2818000000,1,4,21617,91755,NGF1
1606086204897802637,1606086204896640681,0,1,15228,T,B,0,19000000,1,4,23067,91761,NGF1-NGG1
1606086204898449091,1606086204897812329,0,1,15228,T,B,0,19000000,1,4,18779,91774,NGF1-NGG1
1606086204899209806,1606086204898293205,0,1,24512,T,A,0,117000000,1,4,18733,91798,NGH1-NGJ1
1606086204900280000,1606086204899781443,0,1,111284,T,A,0,2699000000,1,4,18406,91826,NGZ0
1606086204901957153,1606086204901386105,0,1,215879,T,B,0,71000000,1,4,18331,91852,NGF1-NGH1
1606086204902904787,1606086204902369179,0,1,215879,T,B,0,71000000,1,4,18346,91868,NGF1-NGH1
1606086204903202218,1606086204902540267,0,1,111291,T,A,0,2817000000,3,4,18650,91871,NGF1
1606086204904424164,1606086204903858877,0,1,215879,T,B,0,71000000,1,4,18551,91906,NGF1-NGH1
1606086204904821183,1606086204904461465,0,1,111291,T,A,0,2817000000,1,4,17854,91914,NGF1
1606086204905229770,1606086204904852585,0,1,111291,T,A,0,2817000000,1,4,17545,91920,NGF1
1606086204933394104,1606086204932943643,0,1,111296,T,A,0,2629000000,1,4,17967,91950,NGJ1
1606086204941856584,1606086204938545361,0,1,111296,T,A,0,2629000000,1,4,18511,92123,NGJ1
1606086207410753683,1606086207410059125,0,1,111284,T,B,0,2699000000,2,4,17909,92500,NGZ0
1606086207799486272,1606086207798633731,0,1,204979,T,A,0,6000000,5,4,24031,92553,NGJ1-NGK1
1606086207872758538,1606086207865462981,0,1,204979,T,N,0,6000000,2,4,20771,92694,NGJ1-NGK1
1606086207872758538,1606086207865462981,0,1,24512,T,N,0,116000000,2,4,20771,92694,NGH1-NGJ1
1606086207872758538,1606086207865462981,0,1,8605,T,A,0,110000000,2,132,20771,92694,NG:BF H1-J1-K1
1606086207874095995,1606086207865492321,0,1,111294,T,N,0,2744000000,1,4,19242,92696,NGH1
1606086207874095995,1606086207865492321,0,1,111299,T,N,0,2665000000,1,4,19242,92696,NGM1
1606086207874095995,1606086207865492321,0,1,121353,T,A,0,79000000,1,132,19242,92696,NGH1-NGM1
1606086207874442659,1606086207865497903,0,1,111296,T,N,0,2630000000,1,4,18797,92700,NGJ1
1606086207874442659,1606086207865497903,0,1,111291,T,N,0,2817000000,1,4,18797,92700,NGF1
1606086207874442659,1606086207865497903,0,1,24441,T,A,0,187000000,1,132,18797,92700,NGF1-NGJ1
1606086207874881966,1606086207865502231,0,1,111291,T,N,0,2817000000,1,4,18363,92704,NGF1
1606086207874881966,1606086207865502231,0,1,111299,T,N,0,2665000000,1,4,18363,92704,NGM1
1606086207874881966,1606086207865502231,0,1,121167,T,A,0,152000000,1,132,18363,92704,NGF1-NGM1
1606086207875156553,1606086207865508661,0,1,24512,T,A,0,116000000,2,4,19190,92709,NGH1-NGJ1
1606086209479329200,1606086209478673131,0,1,111284,T,B,0,2699000000,1,4,18490,92850,NGZ0
1606086211606478734,1606086211605992831,0,1,111291,T,A,0,2817000000,1,4,18179,92902,NGF1
1606086212191733675,1606086212191287935,0,1,111291,T,A,0,2816000000,1,4,23379,92971,NGF1
1606086212192204906,1606086212191793963,0,1,111291,T,A,0,2816000000,1,4,18946,92983,NGF1
1606086212974634421,1606086212973890737,0,1,111291,T,N,0,2817000000,1,4,18824,93009,NGF1
1606086212974634421,1606086212973890737,0,1,111284,T,B,0,2699000000,1,132,18824,93009,NGZ0
1606086212974634421,1606086212973890737,0,1,51363,T,N,0,-118000000,1,4,18824,93009,NGZ0-NGF1
1606086212975898322,1606086212975541689,0,1,111291,T,A,0,2816000000,1,4,19040,93029,NGF1
1606086214759101287,1606086214758446529,0,1,24512,T,A,0,115000000,1,4,23248,93067,NGH1-NGJ1
1606086214759814526,1606086214759109393,0,1,24512,T,A,0,115000000,6,4,20408,93069,NGH1-NGJ1
1606086214759981625,1606086214759232953,0,1,24512,T,B,0,115000000,1,4,22588,93071,NGH1-NGJ1
1606086214761123339,1606086214760166929,0,1,24512,T,B,0,115000000,1,4,18219,93086,NGH1-NGJ1
1606086215098288182,1606086215097831615,0,1,111284,T,A,0,2696000000,1,4,18307,93183,NGZ0
1606086215652464912,1606086215651969947,0,1,111291,T,A,0,2815000000,1,4,18365,93193,NGF1
1606086215652946654,1606086215652516953,0,1,111291,T,A,0,2815000000,1,4,22810,93201,NGF1
1606086215653333890,1606086215652935453,0,1,111296,T,A,0,2629000000,1,4,17364,93208,NGJ1
1606086215654969023,1606086215653177589,0,1,111291,T,A,0,2815000000,2,4,17573,93221,NGF1
1606086215658949175,1606086215656271405,0,1,111296,T,B,0,2629000000,1,4,24356,93307,NGJ1
1606086215671482359,1606086215665936247,0,1,111296,T,A,0,2629000000,1,4,18905,93566,NGJ1
1606086217099037874,1606086217097791583,0,1,215880,T,B,0,52000000,1,4,27191,93917,NGG1-NGH1
1606086222422073885,1606086222421516091,0,1,111284,T,A,0,2696000000,2,4,18245,94250,NGZ0
1606086222424395588,1606086222423856765,0,1,111291,T,A,0,2814000000,5,4,18039,94294,NGF1
1606086224869523573,1606086224868659593,0,1,111291,T,A,0,2813000000,3,4,24474,94419,NGF1
1606086224869968644,1606086224869539403,0,1,111284,T,A,0,2696000000,2,4,18448,94423,NGZ0
1606086224925619154,1606086224925042421,0,1,111291,T,A,0,2813000000,1,4,18096,94449,NGF1
1606086224925619154,1606086224925042421,0,1,111291,T,A,0,2812000000,1,4,18096,94449,NGF1
1606086225811172017,1606086225810166507,0,1,111291,T,A,0,2812000000,2,4,22812,94518,NGF1
1606086225812399807,1606086225811517015,0,1,111291,T,N,0,2812000000,1,4,20749,94539,NGF1
1606086225812399807,1606086225811517015,0,1,111284,T,N,0,2694000000,1,4,20749,94539,NGZ0
1606086225812399807,1606086225811517015,0,1,51363,T,A,0,-118000000,1,4,20749,94539,NGZ0-NGF1
1606086225812626922,1606086225811626405,0,1,111291,T,B,0,2812000000,1,4,19014,94543,NGF1
1606086225813887204,1606086225813519821,0,1,111291,T,B,0,2812000000,1,4,29186,94573,NGF1
1606086226077919825,1606086226077277959,0,1,111291,T,A,0,2812000000,1,132,19158,94619,NGF1
1606086226077919825,1606086226077277959,0,1,51363,T,N,0,-118000000,1,4,19158,94619,NGZ0-NGF1
1606086226077919825,1606086226077277959,0,1,111284,T,N,0,2694000000,1,4,19158,94619,NGZ0
1606086226199106749,1606086226198704623,0,1,111294,T,B,0,2744000000,1,4,17815,94646,NGH1
1606086226444951785,1606086226444050997,0,1,111291,T,A,0,2811000000,1,4,22962,94667,NGF1
1606086226444981501,1606086226444050997,0,1,111291,T,A,0,2811000000,5,4,19071,94668,NGF1
1606086226444981501,1606086226444050997,0,1,111284,T,N,0,2693000000,2,4,19071,94668,NGZ0
1606086226444981501,1606086226444050997,0,1,51363,T,N,0,-118000000,2,4,19071,94668,NGZ0-NGF1
1606086226448794994,1606086226448054619,0,1,215879,T,A,0,69000000,8,4,18080,94791,NGF1-NGH1
1606086226449713404,1606086226448816047,0,1,215879,T,A,0,69000000,2,4,17640,94823,NGF1-NGH1
1606086226449943403,1606086226448855571,0,1,215879,T,A,0,69000000,1,4,21207,94825,NGF1-NGH1
1606086226459110714,1606086226458660051,0,1,111291,T,B,0,2812000000,1,4,18061,94901,NGF1
1606086226459708852,1606086226459235675,0,1,111291,T,A,0,2812000000,1,4,18294,94914,NGF1
1606086226504036913,1606086226503173097,0,1,111291,T,B,0,2813000000,3,4,18577,94953,NGF1
1606086226504036913,1606086226503173097,0,1,215879,T,N,0,69000000,1,4,18577,94953,NGF1-NGH1
1606086226504036913,1606086226503173097,0,1,111294,T,N,0,2744000000,1,4,18577,94953,NGH1
1606086226504775680,1606086226504244157,0,1,111291,T,A,0,2813000000,1,4,22810,94971,NGF1
1606086226548652429,1606086226548210063,0,1,111291,T,B,0,2814000000,1,4,17526,95043,NGF1
1606086227010376925,1606086227009974055,0,1,111291,T,A,0,2813000000,1,4,18043,95080,NGF1
1606086228048043567,1606086228047348477,0,1,111291,T,A,0,2813000000,1,4,18226,95127,NGF1
1606086228311807127,1606086228311400377,0,1,111291,T,A,0,2813000000,1,4,18362,95138,NGF1
1606086229322092463,1606086229321524159,0,1,24463,T,B,0,167000000,1,4,26338,95153,NGG1-NGJ1
1606086232585612660,1606086232584950953,0,1,111284,T,A,0,2696000000,1,4,24663,95177,NGZ0
1606086233717299548,1606086233716619379,0,1,111291,T,B,0,2815000000,1,4,18815,95193,NGF1
1606086233717307892,1606086233716619379,0,1,111291,T,B,0,2815000000,1,4,17797,95194,NGF1
1606086234588179681,1606086234587575481,0,1,111291,T,A,0,2814000000,3,4,18102,95243,NGF1
1606086234611120279,1606086234610800497,0,1,111284,T,B,0,2696000000,1,4,18058,95265,NGZ0
1606086234611491427,1606086234611132257,0,1,111291,T,B,0,2815000000,1,4,17440,95270,NGF1
1606086234619417831,1606086234616453297,0,1,111284,T,B,0,2697000000,1,4,17615,95435,NGZ0
1606086236808804472,1606086236808248177,0,1,111291,T,B,0,2816000000,1,4,18239,95519,NGF1
1606086236816858364,1606086236808816247,0,1,111296,T,B,0,2630000000,4,4,17120,95524,NGJ1
1606086237191059203,1606086237190391891,0,1,111296,T,N,0,2629000000,1,4,20825,95532,NGJ1
1606086237191059203,1606086237190391891,0,1,111299,T,N,0,2665000000,1,4,20825,95532,NGM1
1606086237191059203,1606086237190391891,0,1,121360,T,A,0,-36000000,1,132,20825,95532,NGJ1-NGM1
1606086237195674706,1606086237191335313,0,1,111299,T,N,0,2665000000,1,4,18033,95552,NGM1
1606086237195674706,1606086237191335313,0,1,111298,T,B,0,2622000000,1,132,18033,95552,NGK1
1606086237195674706,1606086237191335313,0,1,121372,T,N,0,-43000000,1,4,18033,95552,NGK1-NGM1
1606086237195796037,1606086237191385805,0,1,121372,T,B,0,-43000000,1,4,17409,95554,NGK1-NGM1
1606086237196432128,1606086237191499919,0,1,204979,T,B,0,6000000,1,4,19431,95569,NGJ1-NGK1
1606086241451268709,1606086241450225533,0,1,111296,T,A,0,2629000000,2,132,23368,95869,NGJ1
1606086241451268709,1606086241450225533,0,1,111291,T,N,0,2815000000,2,4,23368,95869,NGF1
1606086241451268709,1606086241450225533,0,1,24441,T,N,0,186000000,2,4,23368,95869,NGF1-NGJ1
1606086241456494915,1606086241451701171,0,1,24512,T,B,0,115000000,1,4,20952,95879,NGH1-NGJ1
1606086241456506807,1606086241451835371,0,1,215879,T,B,0,70000000,1,4,18812,95880,NGF1-NGH1
1606086241456533987,1606086241452401467,0,1,24512,T,B,0,115000000,1,4,17266,95883,NGH1-NGJ1
1606086241456570691,1606086241452520513,0,1,215879,T,B,0,70000000,1,4,16557,95885,NGF1-NGH1
1606086241545123081,1606086241544492089,0,1,121372,T,N,0,-43000000,1,4,18324,95954,NGK1-NGM1
1606086241545123081,1606086241544492089,0,1,111298,T,B,0,2622000000,1,132,18324,95954,NGK1
1606086241545123081,1606086241544492089,0,1,111299,T,N,0,2665000000,1,4,18324,95954,NGM1
1606086243198303718,1606086243197536617,0,1,24512,T,N,0,116000000,1,4,19407,95989,NGH1-NGJ1
1606086243198303718,1606086243197536617,0,1,111296,T,N,0,2630000000,1,4,19407,95989,NGJ1
1606086243198303718,1606086243197536617,0,1,111294,T,B,0,2746000000,1,132,19407,95989,NGH1
1606086243927261716,1606086243926890403,0,1,111291,T,B,0,2815000000,1,4,17614,96025,NGF1
1606086247348125526,1606086247347583003,0,1,111291,T,A,0,2815000000,1,4,22275,96102,NGF1
1606086247348751517,1606086247348349087,0,1,111291,T,B,0,2815000000,1,4,17843,96110,NGF1
1606086247366180195,1606086247365692965,0,1,111291,T,B,0,2817000000,2,4,17977,96143,NGF1
1606086251302787472,1606086251302329489,0,1,111284,T,B,0,2699000000,1,4,22450,96250,NGZ0
1606086251303933710,1606086251302978433,0,1,111299,T,N,0,2665000000,1,4,18668,96259,NGM1
1606086251303933710,1606086251302978433,0,1,111298,T,B,0,2622000000,1,132,18668,96259,NGK1
1606086251303933710,1606086251302978433,0,1,121372,T,N,0,-43000000,1,4,18668,96259,NGK1-NGM1
1606086254255017857,1606086254254339635,0,1,111284,T,B,0,2700000000,1,4,21235,96384,NGZ0
1606086256498523035,1606086256498010591,0,1,111284,T,A,0,2699000000,1,4,23056,96398,NGZ0
1606086256562012602,1606086256560561895,0,1,111284,T,N,0,2699000000,1,4,18353,96403,NGZ0
1606086256562012602,1606086256560561895,0,1,111293,T,A,0,2797000000,1,132,18353,96403,NGG1
1606086256562012602,1606086256560561895,0,1,15142,T,N,0,-98000000,1,4,18353,96403,NGZ0-NGG1
1606086256739010208,1606086256738632605,0,1,111284,T,A,0,2699000000,1,4,23270,96414,NGZ0
1606086256739996194,1606086256739598953,0,1,111284,T,A,0,2699000000,6,4,17511,96425,NGZ0
1606086256740166054,1606086256739604465,0,1,111291,T,A,0,2816000000,1,4,18579,96430,NGF1
1606086258117243645,1606086258116587139,0,1,111293,T,B,0,2797000000,3,132,24608,96515,NGG1
1606086258117243645,1606086258116587139,0,1,111296,T,N,0,2630000000,3,4,24608,96515,NGJ1
1606086258117243645,1606086258116587139,0,1,24463,T,N,0,167000000,3,4,24608,96515,NGG1-NGJ1
1606086267650518864,1606086267650037043,0,1,111284,T,A,0,2697000000,1,4,25690,96621,NGZ0
1606086272010744343,1606086272009743921,0,1,111291,T,N,0,2815000000,1,4,18895,96696,NGF1
1606086272010744343,1606086272009743921,0,1,111294,T,A,0,2745000000,1,132,18895,96696,NGH1
1606086272010744343,1606086272009743921,0,1,215879,T,N,0,70000000,1,4,18895,96696,NGF1-NGH1
1606086272014653107,1606086272014061577,0,1,215879,T,B,0,69000000,1,4,18247,96724,NGF1-NGH1
1606086277203297882,1606086277202831745,0,1,111291,T,B,0,2815000000,2,4,18056,96865,NGF1
1606086278714446983,1606086278714047275,0,1,111291,T,B,0,2815000000,1,4,17719,96909,NGF1
1606086280324508762,1606086280323688657,0,1,111291,T,N,0,2814000000,2,4,19446,96968,NGF1
1606086280324508762,1606086280323688657,0,1,111284,T,A,0,2695000000,4,4,19446,96968,NGZ0
1606086280324508762,1606086280323688657,0,1,51363,T,N,0,-119000000,2,4,19446,96968,NGZ0-NGF1
1606086280325154648,1606086280324534059,0,1,111296,T,N,0,2628000000,1,4,18515,96976,NGJ1
1606086280325154648,1606086280324534059,0,1,111298,T,A,0,2621000000,1,132,18515,96976,NGK1
1606086280325154648,1606086280324534059,0,1,204979,T,N,0,7000000,1,4,18515,96976,NGJ1-NGK1
1606086280327782755,1606086280326313219,0,1,111299,T,N,0,2664000000,1,4,17812,97037,NGM1
1606086280327782755,1606086280326313219,0,1,62831,T,N,0,-57000000,1,4,17812,97037,NGM1-NGN1
1606086280327782755,1606086280326313219,0,1,111301,T,A,0,2721000000,1,132,17812,97037,NGN1
1606086284480099966,1606086284479148359,0,1,15052,T,B,0,-23000000,1,4,23008,97347,NGN1-NGQ1
1606086284851855117,1606086284851321667,0,1,111291,T,B,0,2815000000,1,4,22997,97374,NGF1
1606086288708635765,1606086288707732045,0,1,24512,T,A,0,115000000,5,4,18776,97449,NGH1-NGJ1
1606086288714963461,1606086288708516307,0,1,24512,T,A,0,115000000,2,4,18359,97451,NGH1-NGJ1
1606086289314694942,1606086289314350433,0,1,111291,T,B,0,2814000000,2,4,18408,97523,NGF1
1606086289315908160,1606086289315575651,0,1,111291,T,B,0,2814000000,1,4,17568,97530,NGF1
1606086290194529156,1606086290193714083,0,1,111291,T,N,0,2813000000,1,4,23884,97551,NGF1
1606086290194529156,1606086290193714083,0,1,111296,T,A,0,2628000000,2,4,23884,97551,NGJ1
1606086290194529156,1606086290193714083,0,1,24441,T,N,0,185000000,1,4,23884,97551,NGF1-NGJ1
1606086290195556222,1606086290194870629,0,1,24512,T,B,0,115000000,1,4,18704,97571,NGH1-NGJ1
1606086290196676059,1606086290194989339,0,1,215879,T,B,0,69000000,1,4,20933,97595,NGF1-NGH1
1606086294200433083,1606086294199757167,0,1,51363,T,B,0,-118000000,1,4,18769,97747,NGZ0-NGF1
1606086294205968696,1606086294199766755,0,1,215879,T,B,0,69000000,1,4,18910,97749,NGF1-NGH1
1606086294206013148,1606086294199771159,0,1,111299,T,B,0,2665000000,1,4,17433,97751,NGM1
1606086294206209324,1606086294200462595,0,1,51363,T,B,0,-118000000,3,4,22144,97753,NGZ0-NGF1
1606086294407507174,1606086294407112077,0,1,111291,T,A,0,2813000000,1,4,17842,97838,NGF1
1606086300999312265,1606086300997788109,0,1,111291,T,B,0,2814000000,1,4,17499,98011,NGF1
1606086301091125323,1606086301090783141,0,1,111291,T,B,0,2815000000,1,4,18450,98085,NGF1
1606086301907357268,1606086301906658389,0,1,24512,T,N,0,115000000,1,4,18137,98157,NGH1-NGJ1
1606086301907357268,1606086301906658389,0,1,111296,T,N,0,2630000000,1,4,18137,98157,NGJ1
1606086301907357268,1606086301906658389,0,1,111294,T,B,0,2745000000,1,132,18137,98157,NGH1
1606086302110293657,1606086302109447643,0,1,111291,T,B,0,2816000000,6,4,19882,98225,NGF1
1606086302110293657,1606086302109447643,0,1,51363,T,N,0,-119000000,4,4,19882,98225,NGZ0-NGF1
1606086302110293657,1606086302109447643,0,1,111284,T,N,0,2697000000,4,4,19882,98225,NGZ0
1606086302110689560,1606086302110304415,0,1,111284,T,B,0,2697000000,2,4,18089,98232,NGZ0
1606086302111785922,1606086302110701821,0,1,111284,T,B,0,2698000000,1,4,18824,98263,NGZ0
1606086303218059326,1606086303217589103,0,1,111291,T,A,0,2815000000,1,4,23286,98367,NGF1
1606086304242281433,1606086304241657235,0,1,51363,T,B,0,-118000000,2,4,18106,98390,NGZ0-NGF1
1606086304242792036,1606086304242309011,0,1,51363,T,B,0,-118000000,2,4,17855,98392,NGZ0-NGF1
1606086304957673511,1606086304957125835,0,1,215880,T,B,0,51000000,1,4,23619,98416,NGG1-NGH1
1606086305946447295,1606086305945642591,0,1,111291,T,B,0,2816000000,2,4,20817,98428,NGF1
1606086305946447295,1606086305945642591,0,1,111293,T,N,0,2797000000,1,4,20817,98428,NGG1
1606086305946447295,1606086305945642591,0,1,15228,T,N,0,19000000,1,4,20817,98428,NGF1-NGG1
1606086305949775272,1606086305947078839,0,1,111291,T,A,0,2816000000,1,4,19927,98453,NGF1
1606086306951379004,1606086306950885371,0,1,111291,T,B,0,2817000000,1,4,18650,98497,NGF1
1606086310357234332,1606086310356475749,0,1,24512,T,B,0,116000000,5,4,25125,98558,NGH1-NGJ1
1606086311683372420,1606086311682960645,0,1,111291,T,B,0,2817000000,1,4,18051,98612,NGF1
1606086312727622962,1606086312727283045,0,1,111284,T,B,0,2699000000,1,4,18049,98672,NGZ0
1606086312820883959,1606086312820305467,0,1,111291,T,B,0,2817000000,2,132,19114,98685,NGF1
1606086312820883959,1606086312820305467,0,1,111296,T,N,0,2630000000,2,4,19114,98685,NGJ1
1606086312820883959,1606086312820305467,0,1,24441,T,N,0,187000000,2,4,19114,98685,NGF1-NGJ1
1606086312821653062,1606086312820906303,0,1,111299,T,N,0,2665000000,2,4,18809,98693,NGM1
1606086312821653062,1606086312820906303,0,1,111298,T,B,0,2622000000,2,132,18809,98693,NGK1
1606086312821653062,1606086312820906303,0,1,121372,T,N,0,-43000000,2,4,18809,98693,NGK1-NGM1
1606086312821992841,1606086312821039193,0,1,24441,T,N,0,187000000,1,4,19224,98702,NGF1-NGJ1
1606086312821992841,1606086312821039193,0,1,111296,T,N,0,2630000000,1,4,19224,98702,NGJ1
1606086312821992841,1606086312821039193,0,1,111291,T,B,0,2817000000,1,132,19224,98702,NGF1
1606086312822233133,1606086312821047917,0,1,111296,T,B,0,2630000000,3,4,18447,98706,NGJ1
1606086312822233133,1606086312821047917,0,1,111299,T,N,0,2665000000,1,4,18447,98706,NGM1
1606086312822233133,1606086312821047917,0,1,121360,T,N,0,-35000000,1,4,18447,98706,NGJ1-NGM1
1606086312822493012,1606086312821052641,0,1,111296,T,N,0,2630000000,1,4,17748,98710,NGJ1
1606086312822493012,1606086312821052641,0,1,111293,T,B,0,2797000000,1,132,17748,98710,NGG1
1606086312822493012,1606086312821052641,0,1,24463,T,N,0,167000000,1,4,17748,98710,NGG1-NGJ1
1606086312822839295,1606086312821175359,0,1,24512,T,B,0,116000000,1,4,17584,98713,NGH1-NGJ1
1606086312823164627,1606086312821292817,0,1,215879,T,B,0,70000000,1,4,18435,98715,NGF1-NGH1
1606086312823832214,1606086312821812815,0,1,24512,T,B,0,116000000,1,4,17522,98728,NGH1-NGJ1
1606086312824020729,1606086312821923717,0,1,215879,T,B,0,70000000,1,4,18170,98733,NGF1-NGH1
1606086312824283349,1606086312822294213,0,1,111296,T,N,0,2630000000,1,4,18299,98740,NGJ1
1606086312824283349,1606086312822294213,0,1,111291,T,B,0,2817000000,1,132,18299,98740,NGF1
1606086312824283349,1606086312822294213,0,1,24441,T,N,0,187000000,1,4,18299,98740,NGF1-NGJ1
1606086312824609664,1606086312822557181,0,1,215879,T,B,0,70000000,1,4,17156,98747,NGF1-NGH1
1606086312824977935,1606086312823578991,0,1,121372,T,B,0,-43000000,1,4,17763,98760,NGK1-NGM1
1606086312825012275,1606086312823585421,0,1,204979,T,B,0,7000000,1,4,17624,98762,NGJ1-NGK1
1606086312827823118,1606086312827308833,0,1,215879,T,A,0,70000000,1,4,18295,98858,NGF1-NGH1
1606086315913040890,1606086315912347101,0,1,111284,T,B,0,2700000000,1,4,18194,99000,NGZ0
1606086319255622098,1606086319254556463,0,1,111293,T,N,0,2797000000,1,4,26222,99018,NGG1
1606086319255622098,1606086319254556463,0,1,61251,T,N,0,11750000,1,4,26222,99018,NGG1-HHG1
1606086322157443619,1606086322153490155,0,1,215879,T,N,0,70000000,1,4,24870,99067,NGF1-NGH1
1606086322157443619,1606086322153490155,0,1,24441,T,N,0,188000000,4,4,24870,99067,NGF1-NGJ1
1606086322157443619,1606086322153490155,0,1,111291,T,B,0,2818000000,5,132,24870,99067,NGF1
1606086322157443619,1606086322153490155,0,1,111296,T,N,0,2630000000,4,4,24870,99067,NGJ1
1606086322157443619,1606086322153490155,0,1,111294,T,N,0,2748000000,1,4,24870,99067,NGH1
1606086322158141942,1606086322157457999,0,1,111294,T,B,0,2747000000,1,132,18750,99072,NGH1
1606086322158141942,1606086322157457999,0,1,111296,T,N,0,2630000000,1,4,18750,99072,NGJ1
1606086322158141942,1606086322157457999,0,1,24512,T,N,0,117000000,1,4,18750,99072,NGH1-NGJ1
1606086322159187284,1606086322157867767,0,1,24512,T,B,0,117000000,1,4,17356,99090,NGH1-NGJ1
1606086322160372237,1606086322159732557,0,1,215879,T,A,0,70000000,1,4,23305,99128,NGF1-NGH1
1606086322516953138,1606086322516458623,0,1,111284,T,A,0,2700000000,1,4,17854,99248,NGZ0
1606086323724180863,1606086323723364703,0,1,111296,T,N,0,2630000000,1,4,19206,99307,NGJ1
1606086323724180863,1606086323723364703,0,1,111291,T,N,0,2818000000,1,4,19206,99307,NGF1
1606086323724180863,1606086323723364703,0,1,24441,T,A,0,188000000,1,4,19206,99307,NGF1-NGJ1
1606086323724781570,1606086323724178001,0,1,15228,T,B,0,19000000,1,4,17882,99331,NGF1-NGG1
1606086323725017146,1606086323724178001,0,1,215880,T,B,0,51000000,1,4,18407,99333,NGG1-NGH1
1606086323725185877,1606086323724178001,0,1,24512,T,B,0,117000000,1,4,18853,99335,NGH1-NGJ1
1606086325256608071,1606086325255950435,0,1,111291,T,A,0,2817000000,1,4,23288,99471,NGF1
1606086325374110614,1606086325373254695,0,1,111291,T,B,0,2818000000,1,132,18855,99539,NGF1
1606086325374110614,1606086325373254695,0,1,24441,T,N,0,188000000,1,4,18855,99539,NGF1-NGJ1
1606086325374110614,1606086325373254695,0,1,111296,T,N,0,2630000000,1,4,18855,99539,NGJ1
1606086325374881429,1606086325374207117,0,1,15228,T,B,0,19000000,1,4,18210,99546,NGF1-NGG1
1606086325375162244,1606086325374207117,0,1,215880,T,B,0,51000000,1,4,17634,99548,NGG1-NGH1
1606086325376819633,1606086325374207117,0,1,24512,T,B,0,117000000,1,4,18545,99550,NGH1-NGJ1
1606086325383902643,1606086325383232721,0,1,111291,T,N,0,2817000000,1,4,19129,99599,NGF1
1606086325383902643,1606086325383232721,0,1,111299,T,N,0,2665000000,1,4,19129,99599,NGM1
1606086325383902643,1606086325383232721,0,1,121167,T,A,0,152000000,1,132,19129,99599,NGF1-NGM1
1606086325384073943,1606086325383240447,0,1,24512,T,B,0,117000000,1,4,24139,99603,NGH1-NGJ1
1606086325384259439,1606086325383244329,0,1,215879,T,B,0,70000000,1,4,18486,99605,NGF1-NGH1
1606086325786829269,1606086325786368519,0,1,111284,T,A,0,2699000000,1,4,17620,99674,NGZ0
1606086325943322394,1606086325942949205,0,1,111284,T,B,0,2699000000,1,4,17654,99695,NGZ0
1606086328384216485,1606086328382863485,0,1,111291,T,A,0,2817000000,1,4,17980,100002,NGF1
1606086330461045855,1606086330460461125,0,1,111291,T,B,0,2818000000,1,4,18664,100354,NGF1
1606086332816381650,1606086332815588549,0,1,111291,T,N,0,2817000000,1,4,22645,100409,NGF1
1606086332816381650,1606086332815588549,0,1,111296,T,N,0,2630000000,1,4,22645,100409,NGJ1
1606086332816381650,1606086332815588549,0,1,24441,T,A,0,187000000,1,132,22645,100409,NGF1-NGJ1
1606086332822014959,1606086332815594137,0,1,215879,T,B,0,70000000,1,4,18335,100414,NGF1-NGH1
