ts_recv,ts_event,rtype,publisher_id,instrument_id,action,side,depth,price,size,flags,ts_in_delta,sequence,symbol
1612134000348566859,1612134000000000000,0,1,143984,T,N,0,3141000000,2,4,21088,62435,NGF2
1612134000348595943,1612134000000000000,0,1,307493,T,N,0,156000000,1,4,18532,62436,NGG2-NGH2
1612134000350704927,1612134000000000000,0,1,111294,T,N,0,2730000000,316,4,30006,62437,NGH1
1612134000364307167,1612134000000000000,0,1,19000,T,N,0,-458000000,1,4,19780,62440,NGH1-NGF2
1612134000365060577,1612134000000000000,0,1,24512,T,N,0,-10000000,98,4,23447,62441,NGH1-NGJ1
1612134000377729506,1612134000000000000,0,1,204963,T,N,0,-28000000,1,4,19978,62442,NGH1-NGK1
1612134000377904941,1612134000000000000,0,1,115489,T,N,0,368000000,2,4,21857,62443,NGH2-NGJ2
1612134000378098889,1612134000000000000,0,1,111296,T,N,0,2730000000,55,4,21301,62444,NGJ1
1612134000380231441,1612134000000000000,0,1,204979,T,N,0,-24000000,14,4,19694,62445,NGJ1-NGK1
1612134000382437193,1612134000000000000,0,1,62635,T,N,0,-143000000,4,4,18785,62446,NGJ1-NGN1
1612134000382596993,1612134000000000000,0,1,41645,T,N,0,-178000000,21,4,18393,62447,NGJ1-NGV1
1612134000383813950,1612134000000000000,0,1,111298,T,N,0,2751000000,34,4,20580,62448,NGK1
1612134000384666905,1612134000000000000,0,1,121372,T,N,0,-52000000,2,4,19146,62449,NGK1-NGM1
1612134000385136684,1612134000000000000,0,1,111299,T,N,0,2802000000,5,4,19151,62450,NGM1
1612134000385434044,1612134000000000000,0,1,62831,T,N,0,-65000000,50,4,22381,62451,NGM1-NGN1
1612134000388301750,1612134000000000000,0,1,10746,T,N,0,-86000000,3,4,19610,62452,NGM1-NGQ1
1612134000388630822,1612134000000000000,0,1,111301,T,N,0,2866000000,7,4,18576,62453,NGN1
1612134000388863249,1612134000000000000,0,1,15052,T,N,0,-21000000,58,4,18890,62454,NGN1-NGQ1
1612134000390431526,1612134000000000000,0,1,111303,T,N,0,2884000000,10,4,19120,62455,NGQ1
1612134000390836169,1612134000000000000,0,1,282784,T,N,0,10000000,202,4,23120,62456,NGQ1-NGU1
1612134000397907901,1612134000000000000,0,1,111305,T,N,0,2863000000,9,4,19392,62457,NGU1
1612134000398099816,1612134000000000000,0,1,41958,T,N,0,-23000000,112,4,18246,62458,NGU1-NGV1
1612134000398807607,1612134000000000000,0,1,111311,T,N,0,2901000000,8,4,18223,62459,NGV1
1612134000398951659,1612134000000000000,0,1,19540,T,N,0,-260000000,2,4,17746,62460,NGV1-NGF2
1612134000399260426,1612134000000000000,0,1,209631,T,N,0,-58000000,1,4,17934,62461,NGV1-NGX1
1612134000399411126,1612134000000000000,0,1,111313,T,N,0,2956000000,1,4,17900,62462,NGX1
1612134000399508766,1612134000000000000,0,1,158336,T,N,0,-122000000,3,4,17739,62463,NGX1-NGZ1
1612134000399637453,1612134000000000000,0,1,111314,T,N,0,3026000000,1,4,17710,62464,NGZ1
1612134000434720725,1612134000000000000,0,1,19540,T,N,0,-250000000,1,4,22780,62571,NGV1-NGF2
1612134000434720725,1612134000000000000,0,1,111311,T,N,0,2900000000,1,4,22780,62571,NGV1
1612134000434720725,1612134000000000000,0,1,15052,T,N,0,-21000000,25,4,22780,62571,NGN1-NGQ1
1612134000434720725,1612134000000000000,0,1,62831,T,N,0,-66000000,25,4,22780,62571,NGM1-NGN1
1612134000434720725,1612134000000000000,0,1,204979,T,N,0,-23000000,1,4,22780,62571,NGJ1-NGK1
1612134000434720725,1612134000000000000,0,1,204979,T,N,0,-21000000,3,4,22780,62571,NGJ1-NGK1
1612134000434720725,1612134000000000000,0,1,111296,T,N,0,2740000000,1,4,22780,62571,NGJ1
1612134000434720725,1612134000000000000,0,1,24512,T,N,0,-10000000,3,4,22780,62571,NGH1-NGJ1
1612134000434720725,1612134000000000000,0,1,111294,T,N,0,2727000000,1,4,22780,62571,NGH1
1612134000434720725,1612134000000000000,0,1,143984,T,N,0,3150000000,1,4,22780,62571,NGF2
1612134000434720725,1612134000000000000,0,1,91692,T,N,0,-45000000,25,4,22780,62571,NG:BF M1-N1-Q1
1612134000434720725,1612134000000000000,0,1,8605,T,N,0,10000000,1,4,22780,62571,NG:BF H1-J1-K1
1612134000434720725,1612134000000000000,0,1,8605,T,N,0,11000000,3,4,22780,62571,NG:BF H1-J1-K1
1612134000434826440,1612134000000000000,0,1,204979,T,B,0,-20000000,10,4,19065,62572,NGJ1-NGK1
1612134000434838960,1612134000000000000,0,1,204979,T,B,0,-20000000,1,4,21752,62573,NGJ1-NGK1
1612134000511340051,1612134000082792551,0,1,111296,T,B,0,2731000000,1,4,21061,62807,NGJ1
1612134000511340051,1612134000082792551,0,1,111303,T,N,0,2898000000,1,4,21061,62807,NGQ1
1612134000511340051,1612134000082792551,0,1,10712,T,N,0,-167000000,1,4,21061,62807,NGJ1-NGQ1
1612134000522869978,1612134000102781825,0,1,61088,T,A,0,5750000,20,4,17968,62842,NGJ1-HHJ1
1612134000528098913,1612134000102924161,0,1,58304,T,A,0,6750000,11,4,18387,62858,NGV1-HHV1
1612134000567708988,1612134000385856323,0,1,111294,T,A,0,2729000000,5,4,20130,62912,NGH1
1612134000568316310,1612134000385856323,0,1,24512,T,B,0,-9000000,5,4,18140,62914,NGH1-NGJ1
1612134000570245711,1612134000402004123,0,1,111294,T,A,0,2729000000,1,4,17570,62930,NGH1
1612134000570974570,1612134000402004123,0,1,24512,T,B,0,-9000000,1,4,20804,62933,NGH1-NGJ1
1612134000571080285,1612134000402004123,0,1,209631,T,B,0,-57000000,1,4,17781,62935,NGV1-NGX1
1612134000571221441,1612134000402004123,0,1,158336,T,B,0,-121000000,1,4,16927,62937,NGX1-NGZ1
1612134000575811529,1612134000408276341,0,1,111294,T,N,0,2730000000,1,4,18424,62958,NGH1
1612134000575811529,1612134000408276341,0,1,111301,T,B,0,2869000000,1,132,18424,62958,NGN1
1612134000575811529,1612134000408276341,0,1,62618,T,N,0,-139000000,1,4,18424,62958,NGH1-NGN1
1612134000581549358,1612134000408288941,0,1,143984,T,A,0,3162000000,1,132,18434,62979,NGF2
1612134000581549358,1612134000408288941,0,1,111311,T,N,0,2903000000,1,4,18434,62979,NGV1
1612134000581549358,1612134000408288941,0,1,19540,T,N,0,-259000000,1,4,18434,62979,NGV1-NGF2
1612134000584393497,1612134000408310555,0,1,115489,T,N,0,382000000,1,4,17945,62999,NGH2-NGJ2
1612134000584393497,1612134000408310555,0,1,154903,T,N,0,2929000000,1,4,17945,62999,NGH2
1612134000584393497,1612134000408310555,0,1,156565,T,A,0,2547000000,1,132,17945,62999,NGJ2
1612134000602379996,1612134000409305781,0,1,156565,T,A,0,2542000000,1,132,18080,63108,NGJ2
1612134000602379996,1612134000409305781,0,1,154903,T,N,0,2924000000,1,4,18080,63108,NGH2
1612134000602379996,1612134000409305781,0,1,115489,T,N,0,382000000,1,4,18080,63108,NGH2-NGJ2
1612134000653659645,1612134000413746945,0,1,24512,T,B,0,-9000000,1,4,18004,63297,NGH1-NGJ1
1612134000654188772,1612134000413844905,0,1,91692,T,N,0,-45000000,1,4,18230,63307,NG:BF M1-N1-Q1
1612134000654188772,1612134000413844905,0,1,62831,T,N,0,-66000000,1,4,18230,63307,NGM1-NGN1
1612134000654188772,1612134000413844905,0,1,15052,T,A,0,-21000000,1,132,18230,63307,NGN1-NGQ1
1612134000662051786,1612134000414830215,0,1,62811,T,B,0,-120000000,1,4,17623,63354,NGK1-NGN1
1612134000668846977,1612134000415379167,0,1,121372,T,A,0,-53000000,1,4,17760,63385,NGK1-NGM1
1612134000668993853,1612134000415385277,0,1,62831,T,A,0,-66000000,1,4,17857,63387,NGM1-NGN1
1612134000673506197,1612134000416651345,0,1,111303,T,N,0,2896000000,1,4,18565,63436,NGQ1
1612134000673506197,1612134000416651345,0,1,111314,T,N,0,3080000000,1,4,18565,63436,NGZ1
1612134000673506197,1612134000416651345,0,1,158324,T,A,0,-184000000,1,132,18565,63436,NGQ1-NGZ1
1612134000686558569,1612134000420648277,0,1,282767,T,B,0,-12000000,5,4,17982,63625,NGN1-NGU1
1612134000686558569,1612134000420648277,0,1,282767,T,B,0,-11000000,3,4,17982,63625,NGN1-NGU1
1612134000687368327,1612134000420899481,0,1,282784,T,B,0,10000000,21,4,17525,63631,NGQ1-NGU1
1612134000690888597,1612134000422690927,0,1,10746,T,A,0,-91000000,1,4,17660,63690,NGM1-NGQ1
1612134000710498993,1612134000431168221,0,1,115489,T,N,0,383000000,1,4,18499,63906,NGH2-NGJ2
1612134000710498993,1612134000431168221,0,1,154903,T,B,0,2924000000,1,132,18499,63906,NGH2
1612134000710498993,1612134000431168221,0,1,156565,T,N,0,2541000000,1,4,18499,63906,NGJ2
1612134000712571269,1612134000433943555,0,1,111294,T,A,0,2729000000,7,4,17661,63956,NGH1
1612134000712877800,1612134000433943555,0,1,24512,T,B,0,-9000000,1,4,19392,63958,NGH1-NGJ1
1612134000712877800,1612134000433943555,0,1,24512,T,B,0,-8000000,6,4,19392,63958,NGH1-NGJ1
1612134000713441123,1612134000434970499,0,1,143984,T,B,0,3141000000,1,132,19693,63967,NGF2
1612134000713441123,1612134000434970499,0,1,171685,T,N,0,651000000,1,4,19693,63967,NGF2-NGK2
1612134000713441123,1612134000434970499,0,1,192030,T,N,0,2490000000,1,4,19693,63967,NGK2
1612134000714966036,1612134000436420977,0,1,111294,T,A,0,2729000000,1,4,19554,64002,NGH1
1612134000715229060,1612134000436420977,0,1,24512,T,B,0,-8000000,1,132,17432,64004,NGH1-NGJ1
1612134000715229060,1612134000436420977,0,1,204979,T,N,0,-20000000,1,4,17432,64004,NGJ1-NGK1
1612134000715229060,1612134000436420977,0,1,8605,T,N,0,12000000,1,4,17432,64004,NG:BF H1-J1-K1
1612134000715365632,1612134000436420977,0,1,121372,T,B,0,-52000000,1,4,17818,64007,NGK1-NGM1
1612134000717197452,1612134000442679927,0,1,121372,T,A,0,-53000000,1,4,17840,64055,NGK1-NGM1
1612134000717268696,1612134000442680449,0,1,62831,T,A,0,-66000000,1,4,18044,64057,NGM1-NGN1
1612134000717775047,1612134000446356177,0,1,41958,T,B,0,-23000000,1,4,18134,64082,NGU1-NGV1
1612134000717841479,1612134000446356707,0,1,282784,T,B,0,10000000,1,4,17700,64084,NGQ1-NGU1
1612134000718296350,1612134000447207763,0,1,192030,T,N,0,2490000000,1,4,20273,64093,NGK2
1612134000718296350,1612134000447207763,0,1,171685,T,N,0,654000000,1,4,20273,64093,NGF2-NGK2
1612134000718296350,1612134000447207763,0,1,143984,T,B,0,3144000000,1,132,20273,64093,NGF2
1612134000719169864,1612134000448660031,0,1,143984,T,B,0,3146000000,1,132,17724,64100,NGF2
1612134000719169864,1612134000448660031,0,1,171685,T,N,0,656000000,1,4,17724,64100,NGF2-NGK2
1612134000719169864,1612134000448660031,0,1,192030,T,N,0,2490000000,1,4,17724,64100,NGK2
1612134000719615736,1612134000452800415,0,1,111294,T,A,0,2729000000,1,4,17420,64109,NGH1
1612134000719876787,1612134000453468479,0,1,111294,T,A,0,2729000000,1,4,17325,64111,NGH1
1612134000720189191,1612134000453999393,0,1,111294,T,A,0,2729000000,1,4,17449,64117,NGH1
1612134000720442694,1612134000454128527,0,1,111294,T,A,0,2729000000,2,4,17433,64119,NGH1
1612134000721595504,1612134000458273515,0,1,282784,T,B,0,10000000,13,4,17869,64131,NGQ1-NGU1
1612134000721722024,1612134000460121311,0,1,62831,T,A,0,-66000000,1,4,23188,64134,NGM1-NGN1
1612134000721792536,1612134000460123009,0,1,62831,T,N,0,-66000000,1,4,18049,64136,NGM1-NGN1
1612134000721792536,1612134000460123009,0,1,15052,T,A,0,-21000000,1,132,18049,64136,NGN1-NGQ1
1612134000721792536,1612134000460123009,0,1,91692,T,N,0,-45000000,1,4,18049,64136,NG:BF M1-N1-Q1
1612134000722992097,1612134000476413033,0,1,156565,T,N,0,2545000000,1,4,18098,64171,NGJ2
1612134000722992097,1612134000476413033,0,1,154903,T,B,0,2929000000,1,132,18098,64171,NGH2
1612134000722992097,1612134000476413033,0,1,115489,T,N,0,384000000,1,4,18098,64171,NGH2-NGJ2
1612134000723749252,1612134000479339883,0,1,111311,T,N,0,2903000000,1,4,19451,64179,NGV1
1612134000723749252,1612134000479339883,0,1,209631,T,N,0,-57000000,1,4,19451,64179,NGV1-NGX1
1612134000723749252,1612134000479339883,0,1,111313,T,A,0,2960000000,1,132,19451,64179,NGX1
1612134000724144723,1612134000479343093,0,1,158336,T,B,0,-120000000,1,4,23909,64183,NGX1-NGZ1
1612134000724204719,1612134000479346379,0,1,17356,T,B,0,-87000000,1,4,18053,64185,NGZ1-NGF2
1612134000724277535,1612134000479457409,0,1,126661,T,B,0,54000000,1,4,17365,64188,NGF2-NGG2
1612134000724341531,1612134000479457691,0,1,171708,T,B,0,43000000,1,4,17946,64190,NGJ2-NGK2
1612134000724410027,1612134000479461081,0,1,307493,T,B,0,157000000,1,4,18116,64192,NGG2-NGH2
1612134000725002250,1612134000481865249,0,1,126661,T,B,0,54000000,1,4,17577,64219,NGF2-NGG2
1612134000725073414,1612134000481866173,0,1,171708,T,B,0,44000000,1,4,17584,64221,NGJ2-NGK2
1612134000725145865,1612134000481866457,0,1,307493,T,B,0,157000000,1,4,17796,64223,NGG2-NGH2
1612134000725213261,1612134000481960505,0,1,171708,T,B,0,45000000,1,4,18044,64225,NGJ2-NGK2
1612134000725287049,1612134000481960841,0,1,307493,T,B,0,158000000,1,4,18820,64227,NGG2-NGH2
1612134000725353513,1612134000481965765,0,1,126661,T,B,0,54000000,1,4,18130,64229,NGF2-NGG2
1612134000725565385,1612134000482987783,0,1,158336,T,B,0,-119000000,1,4,17662,64241,NGX1-NGZ1
1612134000727856424,1612134000496323421,0,1,115489,T,B,0,386000000,1,4,17610,64302,NGH2-NGJ2
1612134000727856424,1612134000496323421,0,1,115489,T,B,0,387000000,1,4,17610,64302,NGH2-NGJ2
1612134000728026940,1612134000496799185,0,1,41645,T,B,0,-175000000,2,4,17539,64306,NGJ1-NGV1
1612134000728948430,1612134000500542865,0,1,115489,T,B,0,388000000,1,4,19098,64336,NGH2-NGJ2
1612134000738904620,1612134000511296167,0,1,111301,T,A,0,2881000000,1,132,17859,64542,NGN1
1612134000738904620,1612134000511296167,0,1,111296,T,N,0,2737000000,1,4,17859,64542,NGJ1
1612134000738904620,1612134000511296167,0,1,62635,T,N,0,-144000000,1,4,17859,64542,NGJ1-NGN1
1612134000740712937,1612134000511467539,0,1,111294,T,A,0,2729000000,1,4,17768,64566,NGH1
1612134000743497864,1612134000512428485,0,1,111294,T,A,0,2729000000,1,4,18355,64592,NGH1
1612134000744460578,1612134000512825183,0,1,154903,T,B,0,2929000000,1,132,18189,64597,NGH2
1612134000744460578,1612134000512825183,0,1,192030,T,N,0,2490000000,1,4,18189,64597,NGK2
1612134000744460578,1612134000512825183,0,1,171707,T,N,0,439000000,1,4,18189,64597,NGH2-NGK2
1612134000750876534,1612134000542220935,0,1,62635,T,B,0,-144000000,1,4,17647,64701,NGJ1-NGN1
1612134000750935226,1612134000542233393,0,1,204979,T,A,0,-21000000,1,4,26840,64703,NGJ1-NGK1
1612134000751072902,1612134000545419149,0,1,171708,T,B,0,45000000,1,4,17688,64707,NGJ2-NGK2
1612134000752952014,1612134000561619863,0,1,115489,T,B,0,389000000,1,4,17558,64748,NGH2-NGJ2
1612134000754086372,1612134000564803049,0,1,111311,T,B,0,2906000000,1,132,18115,64776,NGV1
1612134000754086372,1612134000564803049,0,1,143984,T,N,0,3167000000,1,4,18115,64776,NGF2
1612134000754086372,1612134000564803049,0,1,19540,T,N,0,-261000000,1,4,18115,64776,NGV1-NGF2
1612134000754986007,1612134000565864071,0,1,17356,T,B,0,-87000000,1,4,17584,64788,NGZ1-NGF2
1612134000755059078,1612134000565865309,0,1,158336,T,B,0,-119000000,1,4,17473,64790,NGX1-NGZ1
1612134000757182566,1612134000571020499,0,1,209631,T,B,0,-56000000,1,4,17563,64830,NGV1-NGX1
1612134000759065051,1612134000583484293,0,1,204979,T,A,0,-21000000,1,4,22207,64854,NGJ1-NGK1
1612134000759124119,1612134000583497681,0,1,62635,T,B,0,-143000000,1,4,17335,64856,NGJ1-NGN1
1612134000759167903,1612134000583502613,0,1,121372,T,A,0,-53000000,1,4,17904,64858,NGK1-NGM1
1612134000759230543,1612134000583506555,0,1,62831,T,A,0,-66000000,1,4,17133,64860,NGM1-NGN1
1612134000759321219,1612134000584421017,0,1,204979,T,A,0,-21000000,1,4,17371,64863,NGJ1-NGK1
1612134000759386602,1612134000584448195,0,1,62635,T,B,0,-143000000,1,4,17851,64865,NGJ1-NGN1
1612134000759426202,1612134000584451221,0,1,121372,T,A,0,-53000000,1,4,16914,64867,NGK1-NGM1
1612134000759501502,1612134000584454961,0,1,62831,T,A,0,-66000000,1,4,17622,64869,NGM1-NGN1
1612134000759564022,1612134000584465071,0,1,62635,T,B,0,-143000000,1,4,17716,64871,NGJ1-NGN1
1612134000759759674,1612134000586677447,0,1,204979,T,A,0,-21000000,1,4,17525,64877,NGJ1-NGK1
1612134000759820210,1612134000586684481,0,1,62635,T,B,0,-143000000,1,4,17389,64879,NGJ1-NGN1
1612134000759873777,1612134000586689733,0,1,121372,T,A,0,-53000000,1,4,17203,64881,NGK1-NGM1
1612134000759937473,1612134000586695433,0,1,62831,T,A,0,-66000000,1,4,16568,64883,NGM1-NGN1
1612134000759996825,1612134000586936661,0,1,111305,T,B,0,2888000000,1,4,18264,64885,NGU1
1612134000760386561,1612134000587994457,0,1,115489,T,N,0,389000000,1,4,18079,64890,NGH2-NGJ2
1612134000760386561,1612134000587994457,0,1,154903,T,N,0,2931000000,1,4,18079,64890,NGH2
1612134000760386561,1612134000587994457,0,1,156565,T,A,0,2542000000,1,132,18079,64890,NGJ2
1612134000761254283,1612134000589552171,0,1,204979,T,A,0,-21000000,1,4,17268,64903,NGJ1-NGK1
1612134000761317847,1612134000589562349,0,1,62635,T,B,0,-143000000,1,4,17854,64905,NGJ1-NGN1
1612134000761356519,1612134000589565835,0,1,121372,T,A,0,-53000000,1,4,17662,64907,NGK1-NGM1
1612134000761422639,1612134000589570157,0,1,62831,T,A,0,-66000000,1,4,17630,64909,NGM1-NGN1
1612134000761483422,1612134000589959115,0,1,121372,T,A,0,-53000000,1,4,18186,64911,NGK1-NGM1
1612134000761553618,1612134000589960821,0,1,204979,T,A,0,-21000000,1,4,17304,64913,NGJ1-NGK1
1612134000761618418,1612134000589963577,0,1,62831,T,A,0,-66000000,1,4,17607,64915,NGM1-NGN1
1612134000762853168,1612134000592023507,0,1,111296,T,A,0,2737000000,1,4,16792,64924,NGJ1
1612134000763140939,1612134000592026525,0,1,62635,T,B,0,-143000000,1,4,18910,64926,NGJ1-NGN1
1612134000763715246,1612134000596265801,0,1,204979,T,A,0,-21000000,1,4,17987,64938,NGJ1-NGK1
1612134000763779146,1612134000596273013,0,1,62635,T,B,0,-143000000,1,4,19016,64940,NGJ1-NGN1
1612134000763816886,1612134000596276567,0,1,121372,T,A,0,-53000000,1,4,17995,64942,NGK1-NGM1
1612134000763876766,1612134000596278325,0,1,62831,T,A,0,-66000000,1,4,18871,64944,NGM1-NGN1
1612134000764007090,1612134000598835737,0,1,204979,T,A,0,-21000000,1,4,16851,64948,NGJ1-NGK1
1612134000764069598,1612134000598842435,0,1,62635,T,B,0,-143000000,1,4,17060,64950,NGJ1-NGN1
1612134000764114906,1612134000598845787,0,1,121372,T,A,0,-53000000,1,4,18069,64952,NGK1-NGM1
1612134000764173934,1612134000598849923,0,1,62831,T,A,0,-66000000,1,4,16936,64954,NGM1-NGN1
1612134000764376601,1612134000600632445,0,1,204979,T,A,0,-21000000,1,4,17517,64962,NGJ1-NGK1
1612134000764464069,1612134000600642831,0,1,121372,T,A,0,-53000000,1,4,17273,64965,NGK1-NGM1
1612134000764524465,1612134000600646957,0,1,62831,T,A,0,-66000000,1,4,17613,64967,NGM1-NGN1
1612134000764939436,1612134000603065825,0,1,204979,T,A,0,-21000000,1,4,17764,64974,NGJ1-NGK1
1612134000765024588,1612134000603075803,0,1,121372,T,A,0,-53000000,1,4,17490,64977,NGK1-NGM1
1612134000765086232,1612134000603079327,0,1,62831,T,A,0,-66000000,1,4,17515,64979,NGM1-NGN1
1612134000765147492,1612134000603150241,0,1,156565,T,N,0,2537000000,1,4,18305,64981,NGJ2
1612134000765147492,1612134000603150241,0,1,154903,T,B,0,2927000000,1,132,18305,64981,NGH2
1612134000765147492,1612134000603150241,0,1,115489,T,N,0,390000000,1,4,18305,64981,NGH2-NGJ2
1612134000765751211,1612134000604862467,0,1,204979,T,A,0,-21000000,1,4,17404,64995,NGJ1-NGK1
1612134000765821075,1612134000604868569,0,1,62635,T,B,0,-142000000,1,4,17409,64997,NGJ1-NGN1
1612134000766187162,1612134000604871713,0,1,121372,T,A,0,-53000000,1,4,17701,65000,NGK1-NGM1
1612134000766255322,1612134000604874395,0,1,62831,T,A,0,-66000000,1,4,17045,65002,NGM1-NGN1
1612134000766871193,1612134000610899217,0,1,111294,T,N,0,2730000000,1,4,18466,65017,NGH1
1612134000766871193,1612134000610899217,0,1,111313,T,B,0,2950000000,1,132,18466,65017,NGX1
1612134000766871193,1612134000610899217,0,1,209593,T,N,0,-220000000,1,4,18466,65017,NGH1-NGX1
1612134000768201342,1612134000616222285,0,1,115489,T,N,0,390000000,1,4,18168,65031,NGH2-NGJ2
1612134000768201342,1612134000616222285,0,1,154903,T,B,0,2931000000,1,132,18168,65031,NGH2
1612134000768201342,1612134000616222285,0,1,156565,T,N,0,2541000000,1,4,18168,65031,NGJ2
1612134000776387995,1612134000669478029,0,1,121372,T,B,0,-52000000,7,4,18057,65204,NGK1-NGM1
1612134000776756594,1612134000670593739,0,1,19540,T,N,0,-260000000,1,4,18050,65218,NGV1-NGF2
1612134000776756594,1612134000670593739,0,1,143984,T,A,0,3165000000,1,132,18050,65218,NGF2
1612134000776756594,1612134000670593739,0,1,111311,T,N,0,2905000000,1,4,18050,65218,NGV1
1612134000777774997,1612134000672598765,0,1,158336,T,B,0,-119000000,1,4,17768,65230,NGX1-NGZ1
1612134000780165576,1612134000678143695,0,1,62831,T,B,0,-65000000,1,4,17441,65261,NGM1-NGN1
1612134000781344642,1612134000682474687,0,1,111311,T,N,0,2901000000,1,4,19230,65279,NGV1
1612134000781344642,1612134000682474687,0,1,143984,T,A,0,3160000000,1,132,19230,65279,NGF2
1612134000781344642,1612134000682474687,0,1,19540,T,N,0,-259000000,1,4,19230,65279,NGV1-NGF2
1612134000786153565,1612134000685758591,0,1,111294,T,A,0,2729000000,1,4,17910,65334,NGH1
1612134000786499772,1612134000686967269,0,1,156565,T,N,0,2545000000,1,4,18365,65342,NGJ2
1612134000786499772,1612134000686967269,0,1,156565,T,N,0,2549000000,1,4,18365,65342,NGJ2
1612134000786499772,1612134000686967269,0,1,111296,T,N,0,2737000000,2,4,18365,65342,NGJ1
1612134000786499772,1612134000686967269,0,1,311195,T,A,0,192000000,1,4,18365,65342,NGJ1-NGJ2
1612134000786499772,1612134000686967269,0,1,311195,T,A,0,188000000,1,132,18365,65342,NGJ1-NGJ2
1612134000787139935,1612134000687112235,0,1,158336,T,B,0,-119000000,1,4,17438,65349,NGX1-NGZ1
1612134000787203751,1612134000687113487,0,1,209631,T,B,0,-57000000,1,4,17160,65351,NGV1-NGX1
1612134000787275503,1612134000687123663,0,1,17356,T,B,0,-87000000,1,4,16820,65353,NGZ1-NGF2
1612134000788987188,1612134000693728559,0,1,19540,T,B,0,-259000000,1,4,17573,65405,NGV1-NGF2
1612134000789072808,1612134000693860919,0,1,24512,T,B,0,-8000000,1,4,17630,65410,NGH1-NGJ1
1612134000789123296,1612134000693888753,0,1,111294,T,A,0,2729000000,1,4,18225,65412,NGH1
1612134000789382963,1612134000694003121,0,1,111294,T,A,0,2729000000,1,4,17290,65415,NGH1
1612134000789654331,1612134000694459781,0,1,24512,T,B,0,-8000000,1,4,17290,65418,NGH1-NGJ1
1612134000789734894,1612134000694749453,0,1,209631,T,B,0,-57000000,1,4,17764,65421,NGV1-NGX1
1612134000789797730,1612134000694808223,0,1,111294,T,A,0,2729000000,1,4,16800,65423,NGH1
1612134000800053044,1612134000736919411,0,1,111294,T,B,0,2730000000,1,4,22097,65765,NGH1
1612134000803998756,1612134000748972901,0,1,111296,T,N,0,2737000000,1,4,18152,65854,NGJ1
1612134000803998756,1612134000748972901,0,1,154903,T,A,0,2937000000,1,132,18152,65854,NGH2
1612134000803998756,1612134000748972901,0,1,307464,T,N,0,-200000000,1,4,18152,65854,NGJ1-NGH2
1612134000804376432,1612134000750085921,0,1,115489,T,B,0,389000000,1,4,17611,65859,NGH2-NGJ2
1612134000804449703,1612134000750089087,0,1,171708,T,B,0,45000000,1,4,17435,65861,NGJ2-NGK2
1612134000804505643,1612134000750092171,0,1,192030,T,B,0,2490000000,1,4,17529,65863,NGK2
1612134000807906389,1612134000767188437,0,1,111296,T,N,0,2737000000,1,4,20566,65969,NGJ1
1612134000807906389,1612134000767188437,0,1,111311,T,A,0,2905000000,1,132,20566,65969,NGV1
1612134000807906389,1612134000767188437,0,1,41645,T,N,0,-168000000,1,4,20566,65969,NGJ1-NGV1
1612134000808168133,1612134000767192327,0,1,209615,T,B,0,-195000000,1,4,17857,65971,NGK1-NGX1
1612134000809172607,1612134000768061489,0,1,209631,T,B,0,-56000000,1,4,17712,66008,NGV1-NGX1
1612134000809681330,1612134000768462979,0,1,24512,T,B,0,-8000000,1,132,18147,66021,NGH1-NGJ1
1612134000809681330,1612134000768462979,0,1,204979,T,N,0,-20000000,1,4,18147,66021,NGJ1-NGK1
1612134000809681330,1612134000768462979,0,1,8605,T,N,0,12000000,1,4,18147,66021,NG:BF H1-J1-K1
1612134000809780665,1612134000768469021,0,1,204979,T,B,0,-20000000,1,4,17837,66024,NGJ1-NGK1
1612134000813322591,1612134000776398249,0,1,62831,T,N,0,-65000000,2,4,18049,66140,NGM1-NGN1
1612134000813322591,1612134000776398249,0,1,121372,T,B,0,-52000000,2,132,18049,66140,NGK1-NGM1
1612134000813322591,1612134000776398249,0,1,34802,T,N,0,13000000,2,4,18049,66140,NG:BF K1-M1-N1
1612134000814525121,1612134000781492725,0,1,204963,T,B,0,-28000000,1,4,17676,66169,NGH1-NGK1
1612134000814744084,1612134000782130777,0,1,62811,T,B,0,-118000000,1,4,17988,66178,NGK1-NGN1
1612134000814797460,1612134000782168925,0,1,204979,T,B,0,-20000000,1,4,17613,66181,NGJ1-NGK1
1612134000814893580,1612134000782180413,0,1,282767,T,B,0,-11000000,1,4,17645,66184,NGN1-NGU1
1612134000814940852,1612134000782182657,0,1,41958,T,B,0,-23000000,1,4,18012,66186,NGU1-NGV1
1612134000815079256,1612134000782244697,0,1,24512,T,N,0,-8000000,1,4,18128,66190,NGH1-NGJ1
1612134000815079256,1612134000782244697,0,1,111296,T,N,0,2737000000,1,4,18128,66190,NGJ1
1612134000815079256,1612134000782244697,0,1,111294,T,A,0,2729000000,9,4,18128,66190,NGH1
1612134000816285965,1612134000782689073,0,1,10712,T,B,0,-159000000,1,4,17544,66201,NGJ1-NGQ1
1612134000816344665,1612134000782694005,0,1,111294,T,N,0,2729000000,1,4,27054,66203,NGH1
1612134000816344665,1612134000782694005,0,1,111296,T,N,0,2737000000,1,4,27054,66203,NGJ1
1612134000816344665,1612134000782694005,0,1,24512,T,B,0,-8000000,1,132,27054,66203,NGH1-NGJ1
1612134000816586157,1612134000782701343,0,1,282784,T,B,0,11000000,1,4,17087,66205,NGQ1-NGU1
1612134000816649721,1612134000782703251,0,1,41958,T,B,0,-23000000,1,4,16828,66207,NGU1-NGV1
1612134000816715169,1612134000782706529,0,1,209631,T,B,0,-56000000,1,4,17888,66209,NGV1-NGX1
1612134000816793561,1612134000783039809,0,1,282767,T,B,0,-11000000,1,4,17900,66212,NGN1-NGU1
1612134000816842404,1612134000783046439,0,1,111294,T,N,0,2729000000,1,4,19088,66214,NGH1
1612134000816842404,1612134000783046439,0,1,204963,T,B,0,-29000000,1,132,19088,66214,NGH1-NGK1
1612134000816842404,1612134000783046439,0,1,111298,T,N,0,2758000000,1,4,19088,66214,NGK1
1612134000817191976,1612134000783049389,0,1,62811,T,B,0,-118000000,1,4,17886,66219,NGK1-NGN1
1612134000817227420,1612134000783052869,0,1,41958,T,B,0,-23000000,1,4,17456,66221,NGU1-NGV1
1612134000817289868,1612134000783055753,0,1,209631,T,B,0,-56000000,1,4,17811,66223,NGV1-NGX1
1612134000817386508,1612134000783387131,0,1,209631,T,B,0,-56000000,1,4,17513,66227,NGV1-NGX1
1612134000817444947,1612134000783393897,0,1,10725,T,B,0,-137000000,1,4,16708,66229,NGK1-NGQ1
1612134000817489799,1612134000783398159,0,1,282784,T,B,0,11000000,1,4,17820,66231,NGQ1-NGU1
1612134000817550007,1612134000783401445,0,1,41958,T,B,0,-23000000,1,4,17388,66233,NGU1-NGV1
1612134000817609619,1612134000783405185,0,1,204963,T,B,0,-27000000,1,4,16704,66235,NGH1-NGK1
1612134000817785447,1612134000786224827,0,1,111311,T,B,0,2898000000,1,132,17291,66243,NGV1
1612134000817785447,1612134000786224827,0,1,19540,T,N,0,-260000000,1,4,17291,66243,NGV1-NGF2
1612134000817785447,1612134000786224827,0,1,143984,T,N,0,3158000000,1,4,17291,66243,NGF2
1612134000818502621,1612134000787600345,0,1,34802,T,N,0,13000000,2,4,17843,66255,NG:BF K1-M1-N1
1612134000818502621,1612134000787600345,0,1,121372,T,B,0,-52000000,2,132,17843,66255,NGK1-NGM1
1612134000818502621,1612134000787600345,0,1,62831,T,N,0,-65000000,2,4,17843,66255,NGM1-NGN1
1612134000819096612,1612134000789837599,0,1,111296,T,A,0,2737000000,1,4,17555,66271,NGJ1
1612134000820577586,1612134000792673119,0,1,111296,T,N,0,2737000000,1,4,18297,66291,NGJ1
1612134000820577586,1612134000792673119,0,1,307464,T,A,0,-201000000,1,132,18297,66291,NGJ1-NGH2
1612134000820577586,1612134000792673119,0,1,154903,T,N,0,2938000000,1,4,18297,66291,NGH2
1612134000822864749,1612134000794675999,0,1,209631,T,B,0,-56000000,1,4,17520,66322,NGV1-NGX1
1612134000822913661,1612134000794676275,0,1,17356,T,B,0,-87000000,1,4,17616,66324,NGZ1-NGF2
1612134000823646784,1612134000798293299,0,1,154903,T,B,0,2933000000,1,132,18399,66344,NGH2
1612134000823646784,1612134000798293299,0,1,192030,T,N,0,2490000000,1,4,18399,66344,NGK2
1612134000823646784,1612134000798293299,0,1,171707,T,N,0,443000000,1,4,18399,66344,NGH2-NGK2
1612134000825110553,1612134000800746501,0,1,158336,T,B,0,-118000000,1,4,18034,66374,NGX1-NGZ1
1612134000825359785,1612134000801916965,0,1,171708,T,B,0,45000000,1,4,17702,66382,NGJ2-NGK2
1612134000825647168,1612134000803125777,0,1,41645,T,B,0,-168000000,1,4,17624,66392,NGJ1-NGV1
1612134000826964874,1612134000804579421,0,1,143984,T,A,0,3158000000,1,132,22968,66412,NGF2
1612134000826964874,1612134000804579421,0,1,19540,T,N,0,-259000000,1,4,22968,66412,NGV1-NGF2
1612134000826964874,1612134000804579421,0,1,111311,T,N,0,2899000000,1,4,22968,66412,NGV1
1612134000827708729,1612134000805670239,0,1,209631,T,B,0,-56000000,1,4,21726,66428,NGV1-NGX1
1612134000827768805,1612134000805680879,0,1,17356,T,B,0,-87000000,1,4,17607,66430,NGZ1-NGF2
1612134000828711043,1612134000809194311,0,1,115489,T,B,0,392000000,1,4,17765,66477,NGH2-NGJ2
1612134000828747355,1612134000809253871,0,1,158336,T,B,0,-117000000,1,4,18298,66479,NGX1-NGZ1
1612134000834497476,1612134000825475537,0,1,209593,T,B,0,-228000000,6,4,17992,66726,NGH1-NGX1
1612134000835124107,1612134000827092797,0,1,209593,T,A,0,-228000000,1,4,17788,66750,NGH1-NGX1
1612134000835170199,1612134000827108495,0,1,204979,T,B,0,-20000000,1,4,17359,66753,NGJ1-NGK1
1612134000835218783,1612134000827112355,0,1,24512,T,B,0,-8000000,1,4,17530,66755,NGH1-NGJ1
1612134000835279651,1612134000827118263,0,1,282784,T,B,0,11000000,1,4,17559,66758,NGQ1-NGU1
1612134000835328755,1612134000827122547,0,1,41958,T,B,0,-23000000,1,4,17922,66760,NGU1-NGV1
1612134000835374594,1612134000827127003,0,1,41958,T,N,0,-23000000,1,4,17574,66762,NGU1-NGV1
1612134000835374594,1612134000827127003,0,1,209631,T,B,0,-56000000,1,132,17574,66762,NGV1-NGX1
1612134000835374594,1612134000827127003,0,1,25200,T,N,0,33000000,1,4,17574,66762,NG:BF U21-V21-X21
1612134000835423838,1612134000827130937,0,1,10725,T,B,0,-137000000,1,4,17562,66764,NGK1-NGQ1
1612134000836765148,1612134000832886233,0,1,24512,T,A,0,-9000000,2,4,18231,66826,NGH1-NGJ1
1612134000837846974,1612134000832932219,0,1,62831,T,B,0,-65000000,4,4,20922,66829,NGM1-NGN1
1612134000838962420,1612134000832977235,0,1,62831,T,B,0,-65000000,5,4,20148,66831,NGM1-NGN1
1612134000839084551,1612134000834591605,0,1,204979,T,B,0,-20000000,1,4,22160,66836,NGJ1-NGK1
1612134000847989751,1612134000834597595,0,1,62831,T,N,0,-65000000,1,4,20143,66837,NGM1-NGN1
1612134000847989751,1612134000834597595,0,1,121372,T,B,0,-52000000,1,132,20143,66837,NGK1-NGM1
1612134000847989751,1612134000834597595,0,1,34802,T,N,0,13000000,1,4,20143,66837,NG:BF K1-M1-N1
1612134000848119351,1612134000834606967,0,1,282784,T,B,0,11000000,1,4,17399,66839,NGQ1-NGU1
1612134000848221983,1612134000834610917,0,1,41958,T,B,0,-23000000,1,4,17816,66841,NGU1-NGV1
1612134000848325050,1612134000834615699,0,1,24512,T,B,0,-8000000,1,4,17863,66843,NGH1-NGJ1
1612134000849090689,1612134000834618591,0,1,41958,T,N,0,-23000000,1,4,648755,66845,NGU1-NGV1
1612134000849090689,1612134000834618591,0,1,25200,T,N,0,33000000,1,4,648755,66845,NG:BF U21-V21-X21
1612134000849090689,1612134000834618591,0,1,209631,T,B,0,-56000000,1,132,648755,66845,NGV1-NGX1
1612134000850308959,1612134000837324709,0,1,154903,T,N,0,2934000000,1,4,18039,66894,NGH2
1612134000850308959,1612134000837324709,0,1,111294,T,N,0,2728000000,1,4,18039,66894,NGH1
1612134000850308959,1612134000837324709,0,1,307463,T,A,0,-206000000,1,132,18039,66894,NGH1-NGH2
1612134000851066377,1612134000847388149,0,1,62831,T,B,0,-65000000,5,4,17728,66916,NGM1-NGN1
1612134000851581461,1612134000849755019,0,1,24512,T,B,0,-9000000,1,4,18590,66927,NGH1-NGJ1
1612134000852931174,1612134000851011559,0,1,154903,T,N,0,2939000000,1,4,19459,66938,NGH2
1612134000852931174,1612134000851011559,0,1,111313,T,B,0,2948000000,1,132,19459,66938,NGX1
1612134000852931174,1612134000851011559,0,1,307408,T,N,0,9000000,1,4,19459,66938,NGX1-NGH2
1612134000853505081,1612134000852040805,0,1,17356,T,B,0,-87000000,1,4,18386,66952,NGZ1-NGF2
1612134000853875256,1612134000852041789,0,1,158336,T,B,0,-117000000,1,4,20013,66954,NGX1-NGZ1
1612134000865988722,1612134000858228497,0,1,62831,T,B,0,-65000000,5,4,23666,67026,NGM1-NGN1
1612134000865988722,1612134000858228497,0,1,91692,T,N,0,-45000000,3,4,23666,67026,NG:BF M1-N1-Q1
1612134000865988722,1612134000858228497,0,1,15052,T,N,0,-20000000,3,4,23666,67026,NGN1-NGQ1
1612134000866047150,1612134000861922361,0,1,307408,T,N,0,10000000,1,4,24367,67028,NGX1-NGH2
1612134000866047150,1612134000861922361,0,1,111313,T,B,0,2954000000,1,132,24367,67028,NGX1
1612134000866047150,1612134000861922361,0,1,154903,T,N,0,2944000000,1,4,24367,67028,NGH2
1612134000866119926,1612134000862922855,0,1,154903,T,N,0,2934000000,1,4,22625,67034,NGH2
1612134000866119926,1612134000862922855,0,1,111313,T,B,0,2946000000,1,132,22625,67034,NGX1
1612134000866119926,1612134000862922855,0,1,307408,T,N,0,12000000,1,4,22625,67034,NGX1-NGH2
1612134000867956394,1612134000866081343,0,1,158336,T,B,0,-117000000,1,4,19755,67057,NGX1-NGZ1
1612134000868625833,1612134000866081991,0,1,17356,T,B,0,-87000000,1,4,23339,67058,NGZ1-NGF2
1612134000869605583,1612134000866082519,0,1,126661,T,B,0,54000000,1,4,20747,67059,NGF2-NGG2
1612134000869605583,1612134000866082803,0,1,307493,T,B,0,158000000,1,4,20747,67059,NGG2-NGH2
1612134000870548414,1612134000866149425,0,1,126661,T,B,0,54000000,1,4,23512,67060,NGF2-NGG2
1612134000871017009,1612134000866149761,0,1,158336,T,B,0,-117000000,1,4,20946,67061,NGX1-NGZ1
1612134000871745075,1612134000866151139,0,1,17356,T,B,0,-87000000,1,4,20958,67062,NGZ1-NGF2
1612134000872150771,1612134000866151855,0,1,307493,T,B,0,158000000,1,4,27173,67063,NGG2-NGH2
1612134000882502079,1612134000881003857,0,1,307408,T,N,0,13000000,1,4,21017,67109,NGX1-NGH2
1612134000882502079,1612134000881003857,0,1,111313,T,N,0,2950000000,1,4,21017,67109,NGX1
1612134000882502079,1612134000881003857,0,1,154903,T,A,0,2937000000,1,132,21017,67109,NGH2
1612134000884007853,1612134000882535435,0,1,126661,T,B,0,54000000,1,4,18331,67139,NGF2-NGG2
1612134000884253536,1612134000882535823,0,1,158336,T,B,0,-117000000,1,4,18211,67141,NGX1-NGZ1
1612134000885103807,1612134000882536613,0,1,17356,T,B,0,-87000000,1,4,18590,67143,NGZ1-NGF2
1612134000885229999,1612134000882536895,0,1,307493,T,B,0,158000000,1,4,18351,67145,NGG2-NGH2
1612134000887376523,1612134000882615409,0,1,209631,T,B,0,-56000000,2,132,24943,67148,NGV1-NGX1
1612134000887376523,1612134000882615409,0,1,25200,T,N,0,33000000,2,4,24943,67148,NG:BF U21-V21-X21
1612134000887376523,1612134000882615409,0,1,41958,T,N,0,-23000000,2,4,24943,67148,NGU1-NGV1
1612134000898917597,1612134000892012559,0,1,19540,T,B,0,-257000000,1,4,21751,67215,NGV1-NGF2
1612134000899554600,1612134000892946265,0,1,41958,T,N,0,-23000000,1,4,18155,67233,NGU1-NGV1
1612134000899554600,1612134000892946265,0,1,25200,T,N,0,33000000,1,4,18155,67233,NG:BF U21-V21-X21
1612134000899554600,1612134000892946265,0,1,209631,T,B,0,-56000000,1,132,18155,67233,NGV1-NGX1
1612134000899617648,1612134000892949007,0,1,158336,T,B,0,-117000000,1,4,20498,67236,NGX1-NGZ1
1612134000899652428,1612134000892952367,0,1,17356,T,B,0,-87000000,1,4,17805,67238,NGZ1-NGF2
1612134000900196795,1612134000895973109,0,1,62831,T,N,0,-65000000,2,4,18203,67257,NGM1-NGN1
1612134000900196795,1612134000895973109,0,1,34802,T,N,0,13000000,2,4,18203,67257,NG:BF K1-M1-N1
1612134000900196795,1612134000895973109,0,1,121372,T,B,0,-52000000,2,132,18203,67257,NGK1-NGM1
1612134000900640178,1612134000899032525,0,1,19540,T,A,0,-257000000,1,4,17973,67276,NGV1-NGF2
1612134000900770250,1612134000899060577,0,1,19540,T,A,0,-257000000,1,4,25117,67279,NGV1-NGF2
1612134000900854354,1612134000899110861,0,1,19540,T,A,0,-257000000,1,4,17985,67281,NGV1-NGF2
1612134000900946985,1612134000899120383,0,1,158336,T,B,0,-117000000,1,4,17498,67283,NGX1-NGZ1
1612134000902054895,1612134000899123535,0,1,209631,T,B,0,-56000000,1,132,19249,67285,NGV1-NGX1
1612134000902054895,1612134000899123535,0,1,25200,T,N,0,33000000,1,4,19249,67285,NG:BF U21-V21-X21
1612134000902054895,1612134000899123535,0,1,41958,T,N,0,-23000000,1,4,19249,67285,NGU1-NGV1
1612134000902155139,1612134000899129443,0,1,17356,T,B,0,-86000000,1,4,18289,67287,NGZ1-NGF2
1612134000903637461,1612134000899350711,0,1,19540,T,A,0,-257000000,2,4,23372,67291,NGV1-NGF2
1612134000904332271,1612134000899357595,0,1,158336,T,B,0,-117000000,3,4,24822,67292,NGX1-NGZ1
1612134000904374631,1612134000899360097,0,1,209631,T,B,0,-55000000,3,4,21018,67293,NGV1-NGX1
1612134000904441511,1612134000899364241,0,1,17356,T,B,0,-86000000,3,4,20534,67294,NGZ1-NGF2
1612134000910151397,1612134000899685227,0,1,209631,T,B,0,-55000000,1,4,18970,67300,NGV1-NGX1
1612134000910243116,1612134000899687983,0,1,158336,T,B,0,-117000000,1,4,17661,67302,NGX1-NGZ1
1612134000910463796,1612134000900202483,0,1,17356,T,B,0,-86000000,1,132,18227,67308,NGZ1-NGF2
1612134000910463796,1612134000900202483,0,1,126661,T,N,0,54000000,1,4,18227,67308,NGF2-NGG2
1612134000910463796,1612134000900202483,0,1,17902,T,N,0,-140000000,1,4,18227,67308,NG:BF Z1-F2-G2
1612134000910619600,1612134000900218427,0,1,158328,T,B,0,-171000000,1,4,17547,67311,NGV1-NGZ1
1612134000910747171,1612134000900254205,0,1,62831,T,B,0,-65000000,1,4,26894,67313,NGM1-NGN1
1612134000911056867,1612134000901455537,0,1,154903,T,N,0,2933000000,1,4,18124,67324,NGH2
1612134000911056867,1612134000901455537,0,1,307464,T,A,0,-196000000,1,132,18124,67324,NGJ1-NGH2
1612134000911056867,1612134000901455537,0,1,111296,T,N,0,2737000000,1,4,18124,67324,NGJ1
1612134000911967797,1612134000907874949,0,1,158336,T,B,0,-117000000,1,4,17980,67350,NGX1-NGZ1
1612134000912013425,1612134000907876261,0,1,209631,T,B,0,-55000000,1,4,18191,67352,NGV1-NGX1
1612134000912426152,1612134000911308027,0,1,41645,T,B,0,-168000000,1,4,18300,67371,NGJ1-NGV1
1612134000912744128,1612134000911308027,0,1,19540,T,B,0,-257000000,1,4,19932,67374,NGV1-NGF2
1612134000963875434,1612134000955211773,0,1,10746,T,B,0,-86000000,1,4,20498,67486,NGM1-NGQ1
1612134001000993437,1612134000999640457,0,1,111296,T,N,0,2738000000,1,4,19357,67553,NGJ1
1612134001000993437,1612134000999640457,0,1,307464,T,A,0,-196000000,1,132,19357,67553,NGJ1-NGH2
1612134001000993437,1612134000999640457,0,1,154903,T,N,0,2934000000,1,4,19357,67553,NGH2
1612134001003126829,1612134001002422481,0,1,41645,T,B,0,-168000000,1,4,18524,67567,NGJ1-NGV1
1612134001084813391,1612134001082615219,0,1,111294,T,A,0,2727000000,2,4,18288,67648,NGH1
1612134001112514776,1612134001111409217,0,1,111294,T,A,0,2728000000,1,4,19166,67667,NGH1
1612134001112514776,1612134001111409217,0,1,111294,T,A,0,2727000000,1,4,19166,67667,NGH1
1612134001112514776,1612134001111409217,0,1,111296,T,N,0,2738000000,1,4,19166,67667,NGJ1
1612134001112514776,1612134001111409217,0,1,24512,T,N,0,-10000000,1,4,19166,67667,NGH1-NGJ1
1612134001149885759,1612134001148033709,0,1,111294,T,A,0,2728000000,1,4,18640,67691,NGH1
1612134001150569962,1612134001149894557,0,1,111294,T,A,0,2728000000,2,4,19442,67694,NGH1
1612134001152242315,1612134001150774031,0,1,111294,T,B,0,2728000000,1,4,18963,67699,NGH1
1612134001154033239,1612134001152304433,0,1,111294,T,N,0,2728000000,1,4,18881,67709,NGH1
1612134001154033239,1612134001152304433,0,1,24512,T,N,0,-10000000,1,4,18881,67709,NGH1-NGJ1
1612134001154033239,1612134001152304433,0,1,111296,T,B,0,2738000000,1,132,18881,67709,NGJ1
1612134001154972274,1612134001154043689,0,1,111294,T,B,0,2728000000,1,4,18538,67715,NGH1
1612134001172841245,1612134001172224029,0,1,111294,T,B,0,2730000000,1,4,17575,67737,NGH1
1612134001199352861,1612134001198805585,0,1,111294,T,B,0,2730000000,1,4,18154,67756,NGH1
1612134001202944234,1612134001202108585,0,1,111296,T,N,0,2738000000,1,4,19489,67776,NGJ1
1612134001202944234,1612134001202108585,0,1,154903,T,N,0,2933000000,1,4,19489,67776,NGH2
1612134001202944234,1612134001202108585,0,1,307464,T,A,0,-195000000,1,132,19489,67776,NGJ1-NGH2
1612134001206235832,1612134001204536445,0,1,41645,T,B,0,-168000000,1,4,18760,67798,NGJ1-NGV1
1612134001210928136,1612134001209455595,0,1,111294,T,B,0,2730000000,4,4,18309,67815,NGH1
1612134001228133188,1612134001226411507,0,1,111294,T,B,0,2730000000,1,4,20006,67821,NGH1
1612134001254669948,1612134001254193917,0,1,111294,T,B,0,2730000000,1,4,18219,67828,NGH1
1612134001261097848,1612134001259836741,0,1,209631,T,N,0,-56000000,2,4,18981,67835,NGV1-NGX1
1612134001261097848,1612134001259836741,0,1,41958,T,A,0,-23000000,2,4,18981,67835,NGU1-NGV1
1612134001261097848,1612134001259836741,0,1,25200,T,N,0,33000000,2,4,18981,67835,NG:BF U21-V21-X21
1612134001262984300,1612134001261500873,0,1,209631,T,B,0,-56000000,2,4,18711,67840,NGV1-NGX1
1612134001263821635,1612134001261523471,0,1,19540,T,A,0,-257000000,2,4,26023,67841,NGV1-NGF2
1612134001263821635,1612134001261510857,0,1,158336,T,B,0,-117000000,2,4,26023,67841,NGX1-NGZ1
1612134001279836578,1612134001279119335,0,1,204979,T,B,0,-20000000,2,4,18847,67854,NGJ1-NGK1
1612134001280998392,1612134001280376539,0,1,204979,T,B,0,-20000000,1,4,17504,67895,NGJ1-NGK1
1612134001285153880,1612134001283566407,0,1,111294,T,B,0,2730000000,3,4,17966,67906,NGH1
1612134001308077602,1612134001307634547,0,1,111294,T,A,0,2728000000,1,4,17967,67913,NGH1
1612134001345395462,1612134001344753437,0,1,111294,T,B,0,2729000000,1,4,18661,67955,NGH1
1612134001406553406,1612134001405717105,0,1,307464,T,A,0,-196000000,1,132,18727,67990,NGJ1-NGH2
1612134001406553406,1612134001405717105,0,1,154903,T,N,0,2933000000,1,4,18727,67990,NGH2
1612134001406553406,1612134001405717105,0,1,111296,T,N,0,2737000000,1,4,18727,67990,NGJ1
1612134001409370425,1612134001408782429,0,1,41645,T,B,0,-168000000,1,4,18500,68008,NGJ1-NGV1
1612134001428868546,1612134001426322431,0,1,111294,T,A,0,2728000000,1,4,17826,68064,NGH1
1612134001733493794,1612134001732735157,0,1,111294,T,A,0,2728000000,4,4,20998,68137,NGH1
1612134001733493794,1612134001732735157,0,1,111294,T,A,0,2727000000,7,4,20998,68137,NGH1
1612134001861460076,1612134001860504649,0,1,111294,T,B,0,2730000000,1,4,20964,68179,NGH1
1612134001902820756,1612134001901826963,0,1,111294,T,A,0,2727000000,11,4,23312,68185,NGH1
1612134001926942332,1612134001917619437,0,1,111294,T,A,0,2727000000,1,4,17586,68204,NGH1
1612134002045386220,1612134002044751517,0,1,111294,T,A,0,2727000000,1,4,18056,68226,NGH1
1612134002054353136,1612134002051581621,0,1,111294,T,B,0,2730000000,2,4,18734,68229,NGH1
1612134002054353136,1612134002051581621,0,1,111294,T,B,0,2731000000,1,4,18734,68229,NGH1
1612134002079026494,1612134002078575231,0,1,111294,T,A,0,2727000000,1,4,18136,68246,NGH1
1612134002101001330,1612134002100384823,0,1,111294,T,B,0,2731000000,1,4,18199,68250,NGH1
1612134002123177542,1612134002122744829,0,1,111294,T,B,0,2731000000,1,4,17478,68254,NGH1
1612134002145916040,1612134002144592435,0,1,111294,T,B,0,2731000000,1,4,18150,68260,NGH1
1612134002148755051,1612134002148322805,0,1,111294,T,B,0,2731000000,1,4,17761,68262,NGH1
1612134002181272380,1612134002180134699,0,1,111294,T,B,0,2731000000,1,132,18455,68290,NGH1
1612134002181272380,1612134002180134699,0,1,111296,T,N,0,2739000000,1,4,18455,68290,NGJ1
1612134002181272380,1612134002180134699,0,1,24512,T,N,0,-8000000,1,4,18455,68290,NGH1-NGJ1
1612134002265118538,1612134002264596343,0,1,111294,T,A,0,2727000000,1,4,17735,68345,NGH1
1612134002360092653,1612134002359599785,0,1,111294,T,A,0,2727000000,1,4,17939,68374,NGH1
1612134002386156285,1612134002384459615,0,1,111296,T,N,0,2735000000,1,4,19977,68380,NGJ1
1612134002386156285,1612134002384459615,0,1,111296,T,N,0,2733000000,5,4,19977,68380,NGJ1
1612134002386156285,1612134002384459615,0,1,41645,T,N,0,-168000000,4,4,19977,68380,NGJ1-NGV1
1612134002386156285,1612134002384459615,0,1,41645,T,N,0,-167000000,2,4,19977,68380,NGJ1-NGV1
1612134002386156285,1612134002384459615,0,1,111311,T,A,0,2903000000,1,4,19977,68380,NGV1
1612134002386156285,1612134002384459615,0,1,111311,T,A,0,2901000000,3,4,19977,68380,NGV1
1612134002386156285,1612134002384459615,0,1,111311,T,A,0,2900000000,2,132,19977,68380,NGV1
1612134002489450664,1612134002488952473,0,1,111294,T,A,0,2727000000,1,4,17954,68496,NGH1
1612134002519928556,1612134002518434405,0,1,111296,T,B,0,2737000000,1,4,17458,68517,NGJ1
1612134002546175704,1612134002544783465,0,1,111294,T,B,0,2728000000,5,4,17810,68522,NGH1
1612134002580393554,1612134002579955957,0,1,111294,T,A,0,2727000000,2,4,17501,68527,NGH1
1612134002614009924,1612134002613582425,0,1,111294,T,A,0,2727000000,1,4,17750,68551,NGH1
1612134002683293790,1612134002682660707,0,1,111294,T,B,0,2728000000,1,4,17716,68565,NGH1
1612134002698676861,1612134002696457527,0,1,111294,T,B,0,2728000000,7,4,19866,68572,NGH1
1612134002698676861,1612134002696457527,0,1,111294,T,B,0,2729000000,1,4,19866,68572,NGH1
1612134002698676861,1612134002696457527,0,1,111294,T,B,0,2730000000,4,4,19866,68572,NGH1
1612134002698676861,1612134002696457527,0,1,111296,T,N,0,2737000000,1,4,19866,68572,NGJ1
1612134002698676861,1612134002696457527,0,1,111296,T,N,0,2738000000,1,4,19866,68572,NGJ1
1612134002698676861,1612134002696457527,0,1,24512,T,N,0,-8000000,2,4,19866,68572,NGH1-NGJ1
1612134002713216883,1612134002699037387,0,1,111294,T,A,0,2730000000,4,4,18354,68604,NGH1
1612134002713372227,1612134002699081511,0,1,111296,T,B,0,2738000000,1,132,18467,68608,NGJ1
1612134002713372227,1612134002699081511,0,1,111311,T,N,0,2907000000,1,4,18467,68608,NGV1
1612134002713372227,1612134002699081511,0,1,41645,T,N,0,-169000000,1,4,18467,68608,NGJ1-NGV1
1612134002727120633,1612134002725967369,0,1,111294,T,A,0,2727000000,1,4,17443,68801,NGH1
1612134002971271875,1612134002970772549,0,1,111294,T,B,0,2730000000,1,4,17661,68862,NGH1
1612134003043837218,1612134003038829535,0,1,111294,T,B,0,2730000000,1,4,23033,68892,NGH1
1612134003043837218,1612134003038829535,0,1,111294,T,B,0,2731000000,2,4,23033,68892,NGH1
1612134003043837218,1612134003038829535,0,1,111294,T,B,0,2732000000,11,4,23033,68892,NGH1
1612134003043837218,1612134003038829535,0,1,111294,T,B,0,2733000000,4,4,23033,68892,NGH1
1612134003043837218,1612134003038829535,0,1,111294,T,B,0,2734000000,2,4,23033,68892,NGH1
1612134003043837218,1612134003038829535,0,1,111296,T,N,0,2739000000,1,4,23033,68892,NGJ1
1612134003043837218,1612134003038829535,0,1,111296,T,N,0,2740000000,5,4,23033,68892,NGJ1
1612134003043837218,1612134003038829535,0,1,111296,T,N,0,2741000000,1,4,23033,68892,NGJ1
1612134003043837218,1612134003038829535,0,1,24512,T,N,0,-8000000,5,4,23033,68892,NGH1-NGJ1
1612134003043837218,1612134003038829535,0,1,24512,T,N,0,-7000000,2,4,23033,68892,NGH1-NGJ1
1612134003043837218,1612134003038829535,0,1,111301,T,N,0,2878000000,1,4,23033,68892,NGN1
1612134003043837218,1612134003038829535,0,1,62618,T,N,0,-145000000,1,4,23033,68892,NGH1-NGN1
1612134003052582418,1612134003051198379,0,1,111294,T,B,0,2735000000,2,4,17936,69020,NGH1
1612134003052582418,1612134003051198379,0,1,111294,T,B,0,2736000000,18,4,17936,69020,NGH1
1612134003067902650,1612134003065242149,0,1,111294,T,B,0,2732000000,7,4,20836,69074,NGH1
1612134003067902650,1612134003065242149,0,1,111294,T,B,0,2733000000,1,4,20836,69074,NGH1
1612134003067902650,1612134003065242149,0,1,111294,T,B,0,2734000000,1,4,20836,69074,NGH1
1612134003067902650,1612134003065242149,0,1,111294,T,B,0,2736000000,11,4,20836,69074,NGH1
1612134003067902650,1612134003065242149,0,1,24512,T,N,0,-7000000,1,4,20836,69074,NGH1-NGJ1
1612134003067902650,1612134003065242149,0,1,111296,T,N,0,2741000000,1,4,20836,69074,NGJ1
1612134003083679005,1612134003077187509,0,1,111296,T,N,0,2744000000,1,4,23433,69138,NGJ1
1612134003083679005,1612134003077187509,0,1,24512,T,N,0,-7000000,1,4,23433,69138,NGH1-NGJ1
1612134003083679005,1612134003077187509,0,1,111294,T,B,0,2735000000,1,4,23433,69138,NGH1
1612134003083679005,1612134003077187509,0,1,111294,T,B,0,2736000000,9,4,23433,69138,NGH1
1612134003083679005,1612134003077187509,0,1,111294,T,B,0,2737000000,4,4,23433,69138,NGH1
1612134003083679005,1612134003077187509,0,1,111294,T,B,0,2738000000,2,4,23433,69138,NGH1
1612134003083679005,1612134003077187509,0,1,111294,T,B,0,2739000000,1,4,23433,69138,NGH1
1612134003083679005,1612134003077187509,0,1,111294,T,B,0,2740000000,1,4,23433,69138,NGH1
1612134003083679005,1612134003077187509,0,1,111313,T,N,0,2966000000,1,4,23433,69138,NGX1
1612134003083679005,1612134003077187509,0,1,209593,T,N,0,-228000000,1,4,23433,69138,NGH1-NGX1
1612134003083679005,1612134003077187509,0,1,204963,T,N,0,-27000000,2,4,23433,69138,NGH1-NGK1
1612134003083679005,1612134003077187509,0,1,111298,T,N,0,2764000000,1,4,23433,69138,NGK1
1612134003083679005,1612134003077187509,0,1,111298,T,N,0,2765000000,1,4,23433,69138,NGK1
1612134003083679005,1612134003077187509,0,1,111299,T,N,0,2811000000,1,4,23433,69138,NGM1
1612134003083679005,1612134003077187509,0,1,121353,T,N,0,-75000000,1,4,23433,69138,NGH1-NGM1
1612134003083874725,1612134003077187509,0,1,111298,T,N,0,2767000000,1,4,23125,69139,NGK1
1612134003083874725,1612134003077187509,0,1,204963,T,N,0,-27000000,1,4,23125,69139,NGH1-NGK1
1612134003083874725,1612134003077187509,0,1,111294,T,B,0,2740000000,10,4,23125,69139,NGH1
1612134003083874725,1612134003077187509,0,1,24512,T,N,0,-7000000,1,4,23125,69139,NGH1-NGJ1
1612134003083874725,1612134003077187509,0,1,111296,T,N,0,2747000000,1,4,23125,69139,NGJ1
1612134003083907705,1612134003077187509,0,1,111294,T,B,0,2740000000,1,4,25930,69140,NGH1
1612134003083907705,1612134003077187509,0,1,111294,T,B,0,2740000000,1,4,25930,69140,NGH1
1612134003083914445,1612134003077187509,0,1,111294,T,B,0,2740000000,1,4,17956,69141,NGH1
1612134003083914445,1612134003077187509,0,1,111294,T,B,0,2740000000,8,4,17956,69141,NGH1
1612134003086133797,1612134003084376999,0,1,111313,T,B,0,2955000000,1,132,18165,69199,NGX1
1612134003086133797,1612134003084376999,0,1,154903,T,N,0,2939000000,1,4,18165,69199,NGH2
1612134003086133797,1612134003084376999,0,1,307408,T,N,0,16000000,1,4,18165,69199,NGX1-NGH2
1612134003086481384,1612134003084425197,0,1,111296,T,B,0,2741000000,1,132,18192,69206,NGJ1
1612134003086481384,1612134003084425197,0,1,10712,T,N,0,-154000000,1,4,18192,69206,NGJ1-NGQ1
1612134003086481384,1612134003084425197,0,1,111303,T,N,0,2895000000,1,4,18192,69206,NGQ1
1612134003087040707,1612134003084897995,0,1,111294,T,A,0,2739000000,7,4,17658,69219,NGH1
1612134003087455206,1612134003085115589,0,1,307493,T,B,0,158000000,1,4,18328,69226,NGG2-NGH2
1612134003088207041,1612134003085116237,0,1,158336,T,B,0,-117000000,1,4,27393,69227,NGX1-NGZ1
1612134003088851072,1612134003085585893,0,1,62811,T,B,0,-117000000,1,4,24652,69238,NGK1-NGN1
1612134003089748270,1612134003085904777,0,1,111294,T,A,0,2737000000,2,4,22705,69243,NGH1
1612134003089748270,1612134003085904777,0,1,111294,T,A,0,2731000000,1,4,22705,69243,NGH1
1612134003089748270,1612134003085904777,0,1,111294,T,A,0,2730000000,1,4,22705,69243,NGH1
1612134003089748270,1612134003085904777,0,1,111294,T,A,0,2728000000,2,4,22705,69243,NGH1
1612134003089748270,1612134003085904777,0,1,111294,T,A,0,2727000000,2,4,22705,69243,NGH1
1612134003089748270,1612134003085904777,0,1,111296,T,N,0,2741000000,1,4,22705,69243,NGJ1
1612134003089748270,1612134003085904777,0,1,24512,T,N,0,-10000000,1,4,22705,69243,NGH1-NGJ1
1612134003089748270,1612134003085904777,0,1,204963,T,N,0,-33000000,1,4,22705,69243,NGH1-NGK1
1612134003089748270,1612134003085904777,0,1,111298,T,N,0,2761000000,1,4,22705,69243,NGK1
1612134003089854110,1612134003086011931,0,1,111294,T,B,0,2739000000,1,4,25388,69250,NGH1
1612134003091344003,1612134003089431271,0,1,204979,T,A,0,-21000000,1,4,17985,69311,NGJ1-NGK1
1612134003091615759,1612134003089438363,0,1,24512,T,A,0,-10000000,1,4,18008,69313,NGH1-NGJ1
1612134003094170406,1612134003092769087,0,1,111294,T,B,0,2730000000,1,4,21882,69387,NGH1
1612134003095509224,1612134003095041401,0,1,111296,T,B,0,2739000000,1,4,17771,69410,NGJ1
1612134003112435889,1612134003112000465,0,1,111294,T,B,0,2730000000,1,4,18144,69461,NGH1
1612134003116209138,1612134003114786759,0,1,111294,T,B,0,2730000000,5,4,18489,69481,NGH1
1612134003205537787,1612134003204805255,0,1,111294,T,B,0,2737000000,1,132,20164,69651,NGH1
1612134003205537787,1612134003204805255,0,1,111296,T,N,0,2744000000,1,4,20164,69651,NGJ1
1612134003205537787,1612134003204805255,0,1,24512,T,N,0,-7000000,1,4,20164,69651,NGH1-NGJ1
1612134003206627697,1612134003205958263,0,1,111296,T,N,0,2740000000,1,4,18901,69661,NGJ1
1612134003206627697,1612134003205958263,0,1,41645,T,N,0,-169000000,1,4,18901,69661,NGJ1-NGV1
1612134003206627697,1612134003205958263,0,1,111311,T,A,0,2909000000,1,132,18901,69661,NGV1
1612134003266338885,1612134003265592567,0,1,111294,T,A,0,2730000000,1,4,22016,69776,NGH1
1612134003298807634,1612134003297633357,0,1,111294,T,A,0,2729000000,1,4,19371,69800,NGH1
1612134003298807634,1612134003297633357,0,1,111294,T,A,0,2728000000,1,4,19371,69800,NGH1
1612134003298807634,1612134003297633357,0,1,111296,T,N,0,2739000000,1,4,19371,69800,NGJ1
1612134003298807634,1612134003297633357,0,1,24512,T,N,0,-10000000,1,4,19371,69800,NGH1-NGJ1
1612134003299754872,1612134003297633357,0,1,111294,T,A,0,2727000000,1,4,18841,69801,NGH1
1612134003305952453,1612134003304506003,0,1,111294,T,A,0,2727000000,1,4,17953,69854,NGH1
1612134003403613112,1612134003398549669,0,1,111294,T,A,0,2728000000,1,4,18453,69916,NGH1
1612134003403613112,1612134003398549669,0,1,111294,T,A,0,2727000000,1,4,18453,69916,NGH1
1612134003407069314,1612134003406216763,0,1,121372,T,A,0,-52000000,2,4,18186,69939,NGK1-NGM1
1612134003529001632,1612134003528208241,0,1,111294,T,A,0,2730000000,1,4,18316,70117,NGH1
1612134003838634678,1612134003837784067,0,1,111294,T,A,0,2729000000,2,4,17820,70245,NGH1
1612134003958801228,1612134003958230831,0,1,111296,T,B,0,2740000000,1,4,18153,70285,NGJ1
1612134004046780760,1612134004046142281,0,1,111294,T,A,0,2729000000,5,4,18890,70300,NGH1
1612134004128735980,1612134004128138237,0,1,111294,T,A,0,2728000000,1,4,18598,70352,NGH1
1612134004128735980,1612134004128138237,0,1,111294,T,A,0,2727000000,10,4,18598,70352,NGH1
1612134004202236673,1612134004200880885,0,1,111294,T,A,0,2727000000,2,4,18925,70438,NGH1
1612134004202236673,1612134004200880885,0,1,111294,T,A,0,2726000000,3,4,18925,70438,NGH1
1612134004202236673,1612134004200880885,0,1,111296,T,N,0,2737000000,1,4,18925,70438,NGJ1
1612134004202236673,1612134004200880885,0,1,24512,T,N,0,-10000000,1,4,18925,70438,NGH1-NGJ1
1612134004481859487,1612134004479715609,0,1,24512,T,N,0,-8000000,4,4,20843,70531,NGH1-NGJ1
1612134004481859487,1612134004479715609,0,1,111296,T,N,0,2740000000,1,4,20843,70531,NGJ1
1612134004481859487,1612134004479715609,0,1,111296,T,N,0,2741000000,1,4,20843,70531,NGJ1
1612134004481859487,1612134004479715609,0,1,111296,T,N,0,2742000000,2,4,20843,70531,NGJ1
1612134004481859487,1612134004479715609,0,1,111294,T,B,0,2732000000,2,4,20843,70531,NGH1
1612134004481859487,1612134004479715609,0,1,111294,T,B,0,2733000000,1,4,20843,70531,NGH1
1612134004481859487,1612134004479715609,0,1,111294,T,B,0,2734000000,3,4,20843,70531,NGH1
1612134004481859487,1612134004479715609,0,1,111294,T,B,0,2735000000,3,4,20843,70531,NGH1
1612134004488657535,1612134004487815105,0,1,111294,T,B,0,2734000000,1,4,20041,70604,NGH1
1612134004488657535,1612134004487815105,0,1,111294,T,B,0,2735000000,8,4,20041,70604,NGH1
1612134004490101056,1612134004488633059,0,1,111294,T,A,0,2729000000,1,4,19369,70618,NGH1
1612134004497543071,1612134004495648637,0,1,111294,T,A,0,2728000000,2,4,19075,70665,NGH1
1612134004497543071,1612134004495648637,0,1,111296,T,N,0,2738000000,1,4,19075,70665,NGJ1
1612134004497543071,1612134004495648637,0,1,24512,T,N,0,-10000000,1,4,19075,70665,NGH1-NGJ1
1612134004526827193,1612134004515419587,0,1,111294,T,A,0,2727000000,1,4,18037,70687,NGH1
1612134004600801537,1612134004600313105,0,1,111294,T,B,0,2734000000,1,4,17800,70710,NGH1
1612134005342050560,1612134005340946741,0,1,111294,T,A,0,2727000000,1,4,19049,70787,NGH1
1612134005342050560,1612134005340946741,0,1,111294,T,A,0,2726000000,3,4,19049,70787,NGH1
1612134005576613177,1612134005575889119,0,1,111294,T,B,0,2731000000,1,4,18510,70914,NGH1
1612134005576613177,1612134005575889119,0,1,111294,T,B,0,2732000000,1,4,18510,70914,NGH1
1612134005731633139,1612134005728488169,0,1,111296,T,B,0,2737000000,1,4,17889,70944,NGJ1
1612134005747371351,1612134005746400237,0,1,111296,T,N,0,2738000000,1,4,19559,71014,NGJ1
1612134005747371351,1612134005746400237,0,1,111294,T,B,0,2728000000,2,4,19559,71014,NGH1
1612134005747371351,1612134005746400237,0,1,111294,T,B,0,2730000000,1,4,19559,71014,NGH1
1612134005747371351,1612134005746400237,0,1,24512,T,N,0,-8000000,1,4,19559,71014,NGH1-NGJ1
1612134005842633757,1612134005842096373,0,1,111294,T,A,0,2727000000,1,4,18249,71051,NGH1
1612134005850888170,1612134005849507727,0,1,111294,T,B,0,2732000000,1,4,17909,71058,NGH1
1612134006082180010,1612134006080305829,0,1,111296,T,N,0,2736000000,1,4,19219,71100,NGJ1
1612134006082180010,1612134006080305829,0,1,204979,T,N,0,-20000000,1,4,19219,71100,NGJ1-NGK1
1612134006082180010,1612134006080305829,0,1,111298,T,A,0,2756000000,1,132,19219,71100,NGK1
1612134006147984574,1612134006147458129,0,1,111294,T,A,0,2726000000,1,4,18344,71135,NGH1
1612134006183659948,1612134006183325089,0,1,111294,T,A,0,2726000000,1,4,18132,71154,NGH1
1612134006196104225,1612134006195719145,0,1,111294,T,B,0,2730000000,1,4,18936,71160,NGH1
1612134006510202192,1612134006508534693,0,1,111294,T,A,0,2726000000,6,4,18969,71191,NGH1
1612134006600867021,1612134006600423039,0,1,111294,T,B,0,2732000000,1,4,17851,71238,NGH1
1612134006621358143,1612134006620804011,0,1,121372,T,B,0,-52000000,3,4,18237,71242,NGK1-NGM1
1612134007012155893,1612134007011553377,0,1,111294,T,A,0,2726000000,1,4,18525,71434,NGH1
1612134007029892184,1612134007029255867,0,1,111294,T,A,0,2726000000,1,4,17626,71458,NGH1
1612134007048135334,1612134007045362697,0,1,111294,T,B,0,2731000000,1,4,21995,71465,NGH1
1612134007048135334,1612134007045362697,0,1,111294,T,B,0,2732000000,9,4,21995,71465,NGH1
1612134007048135334,1612134007045362697,0,1,111294,T,B,0,2733000000,2,4,21995,71465,NGH1
1612134007048135334,1612134007045362697,0,1,111294,T,B,0,2734000000,3,4,21995,71465,NGH1
1612134007048135334,1612134007045362697,0,1,111294,T,B,0,2735000000,13,4,21995,71465,NGH1
1612134007048135334,1612134007045362697,0,1,111294,T,B,0,2736000000,1,4,21995,71465,NGH1
1612134007048135334,1612134007045362697,0,1,111296,T,N,0,2740000000,1,4,21995,71465,NGJ1
1612134007048135334,1612134007045362697,0,1,111296,T,N,0,2743000000,1,4,21995,71465,NGJ1
1612134007048135334,1612134007045362697,0,1,24512,T,N,0,-8000000,2,4,21995,71465,NGH1-NGJ1
1612134007049816155,1612134007048372365,0,1,111294,T,A,0,2736000000,1,4,18874,71510,NGH1
1612134007052209491,1612134007048419029,0,1,111296,T,B,0,2742000000,1,132,20149,71516,NGJ1
1612134007052209491,1612134007048419029,0,1,111311,T,N,0,2911000000,1,4,20149,71516,NGV1
1612134007052209491,1612134007048419029,0,1,41645,T,N,0,-169000000,1,4,20149,71516,NGJ1-NGV1
1612134007053716128,1612134007048448965,0,1,111294,T,A,0,2736000000,1,4,18443,71523,NGH1
1612134007054690406,1612134007049041249,0,1,111294,T,A,0,2736000000,7,4,17829,71555,NGH1
1612134007054791718,1612134007049063065,0,1,111294,T,A,0,2736000000,2,4,17600,71557,NGH1
1612134007055106214,1612134007049307369,0,1,111294,T,A,0,2736000000,7,4,17523,71564,NGH1
1612134007057035942,1612134007055322475,0,1,111294,T,B,0,2737000000,2,4,19468,71619,NGH1
1612134007057035942,1612134007055322475,0,1,111294,T,B,0,2739000000,2,4,19468,71619,NGH1
1612134007057035942,1612134007055322475,0,1,111294,T,B,0,2740000000,3,4,19468,71619,NGH1
1612134007057035942,1612134007055322475,0,1,121353,T,N,0,-73000000,1,4,19468,71619,NGH1-NGM1
1612134007057035942,1612134007055322475,0,1,111299,T,N,0,2813000000,1,4,19468,71619,NGM1
1612134007058984522,1612134007056888573,0,1,121372,T,B,0,-51000000,1,4,18741,71682,NGK1-NGM1
1612134007059440766,1612134007057104141,0,1,204979,T,B,0,-20000000,7,4,18543,71698,NGJ1-NGK1
1612134007059935909,1612134007057104141,0,1,204979,T,B,0,-20000000,1,4,22341,71700,NGJ1-NGK1
1612134007061103466,1612134007059490695,0,1,204979,T,B,0,-20000000,1,4,17640,71767,NGJ1-NGK1
1612134007065141043,1612134007064414843,0,1,24512,T,B,0,-7000000,1,4,18043,71808,NGH1-NGJ1
1612134007067700562,1612134007066841445,0,1,111299,T,A,0,2812000000,1,132,18724,71813,NGM1
1612134007067700562,1612134007066841445,0,1,111296,T,N,0,2744000000,1,4,18724,71813,NGJ1
1612134007067700562,1612134007066841445,0,1,121360,T,N,0,-68000000,1,4,18724,71813,NGJ1-NGM1
1612134007068336189,1612134007067640163,0,1,121372,T,B,0,-51000000,1,4,17643,71820,NGK1-NGM1
1612134007068678117,1612134007067648313,0,1,204979,T,B,0,-20000000,1,4,17560,71822,NGJ1-NGK1
1612134007071404548,1612134007070665121,0,1,204979,T,B,0,-20000000,3,4,18265,71829,NGJ1-NGK1
1612134007072089482,1612134007071441039,0,1,204979,T,B,0,-20000000,1,4,18095,71831,NGJ1-NGK1
1612134007092698772,1612134007092031843,0,1,121360,T,A,0,-69000000,1,132,18391,71860,NGJ1-NGM1
1612134007092698772,1612134007092031843,0,1,111296,T,N,0,2743000000,1,4,18391,71860,NGJ1
1612134007092698772,1612134007092031843,0,1,111299,T,N,0,2812000000,1,4,18391,71860,NGM1
1612134007093269203,1612134007092605635,0,1,121372,T,B,0,-51000000,1,4,17225,71883,NGK1-NGM1
1612134007093568199,1612134007092609837,0,1,204979,T,B,0,-20000000,1,4,17656,71885,NGJ1-NGK1
1612134007094133526,1612134007093299895,0,1,121372,T,B,0,-51000000,2,4,17585,71917,NGK1-NGM1
1612134007094416497,1612134007093607425,0,1,204979,T,B,0,-20000000,1,4,17703,71919,NGJ1-NGK1
1612134007101055149,1612134007100445137,0,1,111294,T,N,0,2736000000,1,4,18255,72002,NGH1
1612134007101055149,1612134007100445137,0,1,154903,T,N,0,2944000000,1,4,18255,72002,NGH2
1612134007101055149,1612134007100445137,0,1,307463,T,A,0,-208000000,1,132,18255,72002,NGH1-NGH2
1612134007102485199,1612134007101947039,0,1,19540,T,B,0,-255000000,1,4,22282,72044,NGV1-NGF2
1612134007102892370,1612134007102133445,0,1,307492,T,B,0,219000000,1,4,18005,72059,NGF2-NGH2
1612134007103130117,1612134007102178485,0,1,41645,T,B,0,-169000000,1,4,18123,72062,NGJ1-NGV1
1612134007103379549,1612134007102275669,0,1,24512,T,B,0,-7000000,1,4,17191,72064,NGH1-NGJ1
1612134007104098175,1612134007102477885,0,1,158336,T,B,0,-117000000,1,132,18568,72066,NGX1-NGZ1
1612134007104098175,1612134007102477885,0,1,209631,T,N,0,-56000000,1,4,18568,72066,NGV1-NGX1
1612134007104098175,1612134007102477885,0,1,10285,T,N,0,61000000,1,4,18568,72066,NG:BF V1-X1-Z1
1612134007105044150,1612134007104060351,0,1,121372,T,B,0,-51000000,2,132,18422,72078,NGK1-NGM1
1612134007105044150,1612134007104060351,0,1,62831,T,N,0,-64000000,2,4,18422,72078,NGM1-NGN1
1612134007105044150,1612134007104060351,0,1,34802,T,N,0,13000000,2,4,18422,72078,NG:BF K1-M1-N1
1612134007105779840,1612134007104277215,0,1,111296,T,A,0,2743000000,1,4,18111,72082,NGJ1
1612134007129558737,1612134007127970443,0,1,111296,T,N,0,2744000000,1,4,19617,72147,NGJ1
1612134007129558737,1612134007127970443,0,1,24512,T,N,0,-7000000,1,4,19617,72147,NGH1-NGJ1
1612134007129558737,1612134007127970443,0,1,111294,T,B,0,2737000000,1,132,19617,72147,NGH1
1612134007130289711,1612134007129570373,0,1,111296,T,A,0,2743000000,1,4,19388,72153,NGJ1
1612134007161150503,1612134007160310165,0,1,34802,T,N,0,13000000,1,4,19753,72174,NG:BF K1-M1-N1
1612134007161150503,1612134007160310165,0,1,62831,T,N,0,-64000000,1,4,19753,72174,NGM1-NGN1
1612134007161150503,1612134007160310165,0,1,111299,T,N,0,2812000000,1,4,19753,72174,NGM1
1612134007161150503,1612134007160310165,0,1,111298,T,B,0,2761000000,1,132,19753,72174,NGK1
1612134007177567601,1612134007176072039,0,1,111296,T,N,0,2745000000,1,4,19237,72187,NGJ1
1612134007177567601,1612134007176072039,0,1,111294,T,B,0,2738000000,1,132,19237,72187,NGH1
1612134007177567601,1612134007176072039,0,1,24512,T,N,0,-7000000,1,4,19237,72187,NGH1-NGJ1
1612134007177624524,1612134007176851981,0,1,204979,T,B,0,-20000000,1,4,19649,72191,NGJ1-NGK1
1612134007177974088,1612134007177579389,0,1,111296,T,A,0,2743000000,1,4,18465,72192,NGJ1
1612134007178453055,1612134007178021975,0,1,111294,T,A,0,2736000000,1,4,17505,72197,NGH1
1612134007178803478,1612134007178034001,0,1,24512,T,B,0,-7000000,1,4,18902,72199,NGH1-NGJ1
1612134007182626991,1612134007181700357,0,1,111294,T,B,0,2740000000,4,4,20832,72203,NGH1
1612134007182626991,1612134007181700357,0,1,111298,T,N,0,2765000000,1,4,20832,72203,NGK1
1612134007182626991,1612134007181700357,0,1,204963,T,N,0,-25000000,1,4,20832,72203,NGH1-NGK1
1612134007205259082,1612134007204356931,0,1,111294,T,N,0,2736000000,1,4,20414,72231,NGH1
1612134007205259082,1612134007204356931,0,1,307463,T,A,0,-208000000,1,132,20414,72231,NGH1-NGH2
1612134007205259082,1612134007204356931,0,1,154903,T,N,0,2944000000,1,4,20414,72231,NGH2
1612134007205837581,1612134007204907857,0,1,62831,T,N,0,-64000000,2,4,19051,72238,NGM1-NGN1
1612134007205837581,1612134007204907857,0,1,34802,T,N,0,13000000,2,4,19051,72238,NG:BF K1-M1-N1
1612134007205837581,1612134007204907857,0,1,121372,T,B,0,-51000000,2,132,19051,72238,NGK1-NGM1
1612134007207178830,1612134007205770649,0,1,19540,T,B,0,-255000000,1,4,20056,72272,NGV1-NGF2
1612134007207210074,1612134007205970309,0,1,307492,T,B,0,219000000,1,4,17765,72274,NGF2-NGH2
1612134007207235166,1612134007206080743,0,1,41645,T,B,0,-169000000,1,4,17516,72276,NGJ1-NGV1
1612134007207282822,1612134007206288613,0,1,24512,T,B,0,-7000000,1,4,18011,72278,NGH1-NGJ1
1612134007207858505,1612134007206492089,0,1,17902,T,N,0,-140000000,1,4,19274,72281,NG:BF Z1-F2-G2
1612134007207858505,1612134007206492089,0,1,126661,T,N,0,54000000,1,4,19274,72281,NGF2-NGG2
1612134007207858505,1612134007206492089,0,1,17356,T,B,0,-86000000,1,132,19274,72281,NGZ1-NGF2
1612134007208068677,1612134007206492745,0,1,158336,T,B,0,-116000000,1,4,17858,72283,NGX1-NGZ1
1612134007306819191,1612134007305650369,0,1,121372,T,B,0,-51000000,2,132,18744,72411,NGK1-NGM1
1612134007306819191,1612134007305650369,0,1,34802,T,N,0,13000000,2,4,18744,72411,NG:BF K1-M1-N1
1612134007306819191,1612134007305650369,0,1,62831,T,N,0,-64000000,2,4,18744,72411,NGM1-NGN1
1612134007356744060,1612134007355883725,0,1,24512,T,N,0,-8000000,1,4,19312,72430,NGH1-NGJ1
1612134007356744060,1612134007355883725,0,1,111294,T,B,0,2737000000,1,132,19312,72430,NGH1
1612134007356744060,1612134007355883725,0,1,111296,T,N,0,2745000000,1,4,19312,72430,NGJ1
1612134007407409346,1612134007406671933,0,1,62831,T,N,0,-64000000,2,4,18697,72439,NGM1-NGN1
1612134007407409346,1612134007406671933,0,1,34802,T,N,0,13000000,2,4,18697,72439,NG:BF K1-M1-N1
1612134007407409346,1612134007406671933,0,1,121372,T,B,0,-51000000,2,132,18697,72439,NGK1-NGM1
1612134007452869519,1612134007452192813,0,1,111296,T,N,0,2744000000,1,4,18906,72442,NGJ1
1612134007452869519,1612134007452192813,0,1,111294,T,B,0,2736000000,1,132,18906,72442,NGH1
1612134007452869519,1612134007452192813,0,1,24512,T,N,0,-8000000,1,4,18906,72442,NGH1-NGJ1
1612134007453927989,1612134007453264349,0,1,34802,T,N,0,13000000,1,4,19462,72446,NG:BF K1-M1-N1
1612134007453927989,1612134007453264349,0,1,62831,T,N,0,-64000000,1,4,19462,72446,NGM1-NGN1
1612134007453927989,1612134007453264349,0,1,111298,T,B,0,2761000000,1,132,19462,72446,NGK1
1612134007453927989,1612134007453264349,0,1,111299,T,N,0,2812000000,1,4,19462,72446,NGM1
1612134007550667556,1612134007550066263,0,1,111294,T,A,0,2733000000,1,4,18087,72471,NGH1
1612134007585088088,1612134007584472611,0,1,204979,T,B,0,-20000000,1,4,24078,72546,NGJ1-NGK1
1612134007585690099,1612134007585133531,0,1,204979,T,B,0,-20000000,1,4,19169,72548,NGJ1-NGK1
1612134007608083894,1612134007607294581,0,1,62831,T,N,0,-64000000,2,4,19009,72557,NGM1-NGN1
1612134007608083894,1612134007607294581,0,1,34802,T,N,0,13000000,2,4,19009,72557,NG:BF K1-M1-N1
1612134007608083894,1612134007607294581,0,1,121372,T,B,0,-51000000,2,132,19009,72557,NGK1-NGM1
1612134007633794039,1612134007633094207,0,1,111294,T,B,0,2737000000,1,132,18792,72566,NGH1
1612134007633794039,1612134007633094207,0,1,24512,T,N,0,-8000000,1,4,18792,72566,NGH1-NGJ1
1612134007633794039,1612134007633094207,0,1,111296,T,N,0,2745000000,1,4,18792,72566,NGJ1
1612134007946221853,1612134007945464209,0,1,111296,T,N,0,2744000000,1,4,25377,72666,NGJ1
1612134007946221853,1612134007945464209,0,1,24512,T,N,0,-8000000,1,4,25377,72666,NGH1-NGJ1
1612134007946221853,1612134007945464209,0,1,111294,T,B,0,2736000000,1,132,25377,72666,NGH1
1612134007995075976,1612134007994552813,0,1,41645,T,A,0,-170000000,5,4,20774,72678,NGJ1-NGV1
1612134008146943793,1612134008145835117,0,1,41645,T,N,0,-170000000,1,4,18028,72762,NGJ1-NGV1
1612134008146943793,1612134008145835117,0,1,111296,T,N,0,2741000000,1,4,18028,72762,NGJ1
1612134008146943793,1612134008145835117,0,1,111311,T,A,0,2911000000,1,132,18028,72762,NGV1
1612134008150266963,1612134008146470219,0,1,307492,T,A,0,218000000,1,4,17255,72838,NGF2-NGH2
1612134008150343735,1612134008146560557,0,1,307492,T,A,0,218000000,1,4,18067,72844,NGF2-NGH2
1612134008150432227,1612134008146610655,0,1,126661,T,B,0,54000000,2,4,17408,72851,NGF2-NGG2
1612134008150593926,1612134008146620161,0,1,126661,T,B,0,54000000,4,4,17312,72854,NGF2-NGG2
1612134008156354420,1612134008148780025,0,1,307493,T,B,0,161000000,1,4,18450,72985,NGG2-NGH2
1612134008156377868,1612134008148785211,0,1,126661,T,B,0,54000000,1,4,17443,72987,NGF2-NGG2
1612134008157481698,1612134008149653397,0,1,126661,T,B,0,54000000,2,4,19484,73009,NGF2-NGG2
1612134008158232616,1612134008150289483,0,1,307492,T,B,0,218000000,1,4,16832,73051,NGF2-NGH2
1612134008158458084,1612134008150577523,0,1,126661,T,B,0,54000000,2,4,17549,73061,NGF2-NGG2
1612134008162221625,1612134008154094235,0,1,154903,T,N,0,2938000000,1,4,18774,73160,NGH2
1612134008162221625,1612134008154094235,0,1,115489,T,N,0,391000000,1,4,18774,73160,NGH2-NGJ2
1612134008162221625,1612134008154094235,0,1,156565,T,A,0,2547000000,1,132,18774,73160,NGJ2
1612134008162369661,1612134008154098571,0,1,154903,T,A,0,2942000000,1,132,17864,73164,NGH2
1612134008162369661,1612134008154098571,0,1,111314,T,N,0,3078000000,1,4,17864,73164,NGZ1
1612134008162369661,1612134008154098571,0,1,307490,T,N,0,136000000,1,4,17864,73164,NGZ1-NGH2
1612134008162737868,1612134008154277221,0,1,126661,T,B,0,54000000,2,4,17853,73172,NGF2-NGG2
1612134008165078748,1612134008156907633,0,1,111311,T,N,0,2911000000,1,4,16840,73246,NGV1
1612134008165078748,1612134008156907633,0,1,111296,T,B,0,2741000000,1,132,16840,73246,NGJ1
1612134008165078748,1612134008156907633,0,1,41645,T,N,0,-170000000,1,4,16840,73246,NGJ1-NGV1
1612134008165259372,1612134008157022857,0,1,307493,T,B,0,161000000,1,4,18593,73251,NGG2-NGH2
1612134008166719253,1612134008158292077,0,1,307492,T,A,0,217000000,1,4,17986,73305,NGF2-NGH2
1612134008167557179,1612134008158681809,0,1,307493,T,B,0,161000000,2,4,17369,73333,NGG2-NGH2
1612134008168117818,1612134008160024829,0,1,111314,T,N,0,3077000000,1,4,18165,73360,NGZ1
1612134008168117818,1612134008160024829,0,1,17356,T,N,0,-85000000,1,4,18165,73360,NGZ1-NGF2
1612134008168117818,1612134008160024829,0,1,143984,T,A,0,3162000000,1,132,18165,73360,NGF2
1612134008168381830,1612134008160556585,0,1,307493,T,B,0,161000000,1,4,17517,73371,NGG2-NGH2
1612134008169071217,1612134008161057495,0,1,156565,T,B,0,2546000000,1,4,18701,73388,NGJ2
1612134008169071217,1612134008161057495,0,1,171708,T,N,0,46000000,1,4,18701,73388,NGJ2-NGK2
1612134008169071217,1612134008161057495,0,1,192030,T,N,0,2500000000,1,4,18701,73388,NGK2
1612134008169727456,1612134008161696263,0,1,126661,T,B,0,56000000,1,4,17448,73404,NGF2-NGG2
1612134008169969603,1612134008162353807,0,1,19540,T,A,0,-258000000,3,4,17800,73423,NGV1-NGF2
1612134008172055679,1612134008164428777,0,1,41645,T,N,0,-170000000,1,4,17994,73481,NGJ1-NGV1
1612134008172055679,1612134008164428777,0,1,111296,T,N,0,2738000000,1,4,17994,73481,NGJ1
1612134008172055679,1612134008164428777,0,1,111311,T,A,0,2908000000,1,132,17994,73481,NGV1
1612134008173550289,1612134008165151193,0,1,307493,T,N,0,161000000,1,4,16966,73520,NGG2-NGH2
1612134008173550289,1612134008165151193,0,1,154903,T,A,0,2941000000,1,4,16966,73520,NGH2
1612134008173550289,1612134008165151193,0,1,129856,T,N,0,3102000000,1,4,16966,73520,NGG2
1612134008175675341,1612134008167586073,0,1,307492,T,A,0,219000000,2,4,17654,73606,NGF2-NGH2
1612134008175710805,1612134008167593441,0,1,126661,T,B,0,56000000,2,4,17993,73608,NGF2-NGG2
1612134008175749277,1612134008167596587,0,1,307493,T,B,0,161000000,2,4,18406,73610,NGG2-NGH2
1612134008183845718,1612134008173096999,0,1,111311,T,A,0,2906000000,1,132,17507,73894,NGV1
1612134008183845718,1612134008173096999,0,1,111296,T,N,0,2736000000,1,4,17507,73894,NGJ1
1612134008183845718,1612134008173096999,0,1,41645,T,N,0,-170000000,1,4,17507,73894,NGJ1-NGV1
1612134008184565901,1612134008173876733,0,1,307493,T,B,0,161000000,2,4,17393,73917,NGG2-NGH2
1612134008184609961,1612134008173881799,0,1,126661,T,B,0,56000000,2,4,17206,73919,NGF2-NGG2
1612134008184647657,1612134008173886187,0,1,307492,T,A,0,219000000,2,4,17672,73921,NGF2-NGH2
1612134008191017049,1612134008181578175,0,1,126661,T,B,0,56000000,2,4,17562,74092,NGF2-NGG2
1612134008192432294,1612134008185204007,0,1,41645,T,N,0,-170000000,1,4,17775,74125,NGJ1-NGV1
1612134008192432294,1612134008185204007,0,1,111296,T,B,0,2741000000,1,132,17775,74125,NGJ1
1612134008192432294,1612134008185204007,0,1,111311,T,N,0,2911000000,1,4,17775,74125,NGV1
1612134008252071970,1612134008250432291,0,1,154903,T,N,0,2943000000,1,4,18635,74429,NGH2
1612134008252071970,1612134008250432291,0,1,111294,T,N,0,2733000000,1,4,18635,74429,NGH1
1612134008252071970,1612134008250432291,0,1,307463,T,A,0,-210000000,1,132,18635,74429,NGH1-NGH2
1612134008253714587,1612134008253208667,0,1,307492,T,B,0,219000000,1,4,18588,74458,NGF2-NGH2
1612134008254050550,1612134008253298693,0,1,19540,T,B,0,-254000000,1,4,17802,74463,NGV1-NGF2
1612134008254439310,1612134008253377661,0,1,24512,T,B,0,-8000000,1,4,18339,74467,NGH1-NGJ1
1612134008254629057,1612134008253460653,0,1,41645,T,B,0,-170000000,1,4,18253,74469,NGJ1-NGV1
1612134008415371041,1612134008414200373,0,1,41645,T,N,0,-170000000,6,4,20731,74535,NGJ1-NGV1
1612134008415371041,1612134008414200373,0,1,111311,T,A,0,2910000000,1,4,20731,74535,NGV1
1612134008415371041,1612134008414200373,0,1,111311,T,A,0,2907000000,1,4,20731,74535,NGV1
1612134008415371041,1612134008414200373,0,1,111311,T,A,0,2905000000,4,132,20731,74535,NGV1
1612134008415371041,1612134008414200373,0,1,111296,T,N,0,2740000000,1,4,20731,74535,NGJ1
1612134008415371041,1612134008414200373,0,1,111296,T,N,0,2737000000,1,4,20731,74535,NGJ1
1612134008415371041,1612134008414200373,0,1,111296,T,N,0,2735000000,4,4,20731,74535,NGJ1
1612134008418778907,1612134008417382501,0,1,111294,T,A,0,2733000000,2,4,18503,74576,NGH1
1612134008422594948,1612134008421140111,0,1,24512,T,A,0,-8000000,1,4,18275,74656,NGH1-NGJ1
1612134008434673894,1612134008433285475,0,1,111294,T,A,0,2730000000,1,4,25338,74744,NGH1
1612134008442801131,1612134008441342309,0,1,111294,T,A,0,2727000000,1,4,17625,74931,NGH1
1612134008445221771,1612134008443895229,0,1,111294,T,B,0,2727000000,1,4,17974,74984,NGH1
1612134008454335502,1612134008452914595,0,1,111294,T,B,0,2727000000,2,4,18643,75066,NGH1
1612134008454545082,1612134008453247405,0,1,111294,T,B,0,2727000000,1,4,19866,75067,NGH1
1612134008454995633,1612134008453391917,0,1,111294,T,B,0,2729000000,1,132,26846,75069,NGH1
1612134008454995633,1612134008453391917,0,1,24512,T,N,0,-8000000,1,4,26846,75069,NGH1-NGJ1
1612134008454995633,1612134008453391917,0,1,111296,T,N,0,2737000000,1,4,26846,75069,NGJ1
1612134008679383029,1612134008678780041,0,1,204979,T,B,0,-20000000,1,4,18329,75156,NGJ1-NGK1
1612134008680015840,1612134008679431819,0,1,204979,T,B,0,-20000000,1,4,17896,75159,NGJ1-NGK1
1612134008762902341,1612134008762151503,0,1,111296,T,N,0,2739000000,1,4,21331,75187,NGJ1
1612134008762902341,1612134008762151503,0,1,24512,T,N,0,-8000000,1,4,21331,75187,NGH1-NGJ1
1612134008762902341,1612134008762151503,0,1,111294,T,B,0,2731000000,1,132,21331,75187,NGH1
1612134009169995273,1612134009168554857,0,1,41645,T,A,0,-171000000,3,4,17481,75325,NGJ1-NGV1
1612134009189919909,1612134009187842115,0,1,111294,T,B,0,2730000000,2,4,18692,75535,NGH1
1612134009189919909,1612134009187842115,0,1,24512,T,N,0,-8000000,1,4,18692,75535,NGH1-NGJ1
1612134009189919909,1612134009187842115,0,1,111296,T,N,0,2738000000,1,4,18692,75535,NGJ1
1612134009218846188,1612134009218247399,0,1,111296,T,N,0,2738000000,1,4,17774,75577,NGJ1
1612134009218846188,1612134009218247399,0,1,24512,T,N,0,-8000000,1,4,17774,75577,NGH1-NGJ1
1612134009218846188,1612134009218247399,0,1,111294,T,B,0,2730000000,1,132,17774,75577,NGH1
1612134009248903017,1612134009248312571,0,1,111294,T,B,0,2730000000,1,132,18702,75608,NGH1
1612134009248903017,1612134009248312571,0,1,24512,T,N,0,-8000000,1,4,18702,75608,NGH1-NGJ1
1612134009248903017,1612134009248312571,0,1,111296,T,N,0,2738000000,1,4,18702,75608,NGJ1
1612134009278933346,1612134009278326719,0,1,111296,T,N,0,2738000000,1,4,18371,75707,NGJ1
1612134009278933346,1612134009278326719,0,1,24512,T,N,0,-8000000,1,4,18371,75707,NGH1-NGJ1
1612134009278933346,1612134009278326719,0,1,111294,T,B,0,2730000000,1,132,18371,75707,NGH1
1612134009535290699,1612134009534470789,0,1,111294,T,A,0,2726000000,1,4,18575,75752,NGH1
1612134009535290699,1612134009534470789,0,1,111294,T,A,0,2725000000,1,4,18575,75752,NGH1
1612134009679314460,1612134009678714119,0,1,204979,T,B,0,-20000000,1,4,17973,75853,NGJ1-NGK1
1612134009682782602,1612134009679364659,0,1,204979,T,B,0,-20000000,1,4,17621,75855,NGJ1-NGK1
1612134010119959692,1612134010119446679,0,1,111294,T,B,0,2732000000,1,4,18383,76141,NGH1
1612134010122867639,1612134010121845401,0,1,204979,T,N,0,-20000000,1,4,19904,76201,NGJ1-NGK1
1612134010122867639,1612134010121845401,0,1,111296,T,B,0,2741000000,3,4,19904,76201,NGJ1
1612134010122867639,1612134010121845401,0,1,41645,T,N,0,-170000000,1,4,19904,76201,NGJ1-NGV1
1612134010122867639,1612134010121845401,0,1,111311,T,N,0,2911000000,1,4,19904,76201,NGV1
1612134010122867639,1612134010121845401,0,1,111298,T,N,0,2761000000,1,4,19904,76201,NGK1
1612134010307212557,1612134010306830585,0,1,111294,T,B,0,2731000000,1,4,17841,76522,NGH1
1612134010443892970,1612134010443330609,0,1,111294,T,A,0,2726000000,1,4,18571,76559,NGH1
1612134010443892970,1612134010443330609,0,1,111296,T,N,0,2736000000,1,4,18571,76559,NGJ1
1612134010443892970,1612134010443330609,0,1,24512,T,N,0,-10000000,1,4,18571,76559,NGH1-NGJ1
1612134010577597297,1612134010576467999,0,1,24512,T,N,0,-10000000,1,4,19942,76725,NGH1-NGJ1
1612134010577597297,1612134010576467999,0,1,111296,T,N,0,2734000000,1,4,19942,76725,NGJ1
1612134010577597297,1612134010576467999,0,1,111294,T,A,0,2726000000,1,4,19942,76725,NGH1
1612134010577597297,1612134010576467999,0,1,111294,T,A,0,2724000000,2,4,19942,76725,NGH1
1612134010577597297,1612134010576467999,0,1,111294,T,A,0,2723000000,5,4,19942,76725,NGH1
1612134010809986126,1612134010809339299,0,1,111294,T,A,0,2725000000,1,4,18300,76912,NGH1
1612134010929490327,1612134010928770817,0,1,204979,T,B,0,-20000000,1,4,18515,76922,NGJ1-NGK1
1612134011071619234,1612134011070697389,0,1,111294,T,A,0,2726000000,2,4,20127,76957,NGH1
1612134011071619234,1612134011070697389,0,1,111294,T,A,0,2725000000,1,4,20127,76957,NGH1
1612134011071619234,1612134011070697389,0,1,111296,T,N,0,2735000000,1,4,20127,76957,NGJ1
1612134011071619234,1612134011070697389,0,1,24512,T,N,0,-10000000,1,4,20127,76957,NGH1-NGJ1
1612134011102552318,1612134011102112331,0,1,111294,T,B,0,2728000000,1,4,18067,77038,NGH1
1612134011104746841,1612134011104170873,0,1,111299,T,B,0,2808000000,1,132,18806,77066,NGM1
1612134011104746841,1612134011104170873,0,1,111303,T,N,0,2894000000,1,4,18806,77066,NGQ1
1612134011104746841,1612134011104170873,0,1,10746,T,N,0,-86000000,1,4,18806,77066,NGM1-NGQ1
1612134011166461828,1612134011166045203,0,1,111294,T,A,0,2729000000,1,4,17468,77214,NGH1
1612134011168575668,1612134011168243139,0,1,111294,T,B,0,2730000000,1,4,18468,77235,NGH1
1612134011170968080,1612134011170244485,0,1,111313,T,B,0,2960000000,1,4,18268,77282,NGX1
1612134011171298071,1612134011170923769,0,1,111296,T,A,0,2739000000,1,4,17981,77289,NGJ1
1612134011171529371,1612134011170926929,0,1,41645,T,B,0,-170000000,1,4,17339,77293,NGJ1-NGV1
1612134011171881734,1612134011170929819,0,1,209631,T,B,0,-56000000,1,4,20339,77295,NGV1-NGX1
1612134011182493978,1612134011181893929,0,1,111313,T,N,0,2960000000,1,4,18961,77559,NGX1
1612134011182493978,1612134011181893929,0,1,111294,T,N,0,2730000000,1,4,18961,77559,NGH1
1612134011182493978,1612134011181893929,0,1,209593,T,A,0,-230000000,1,132,18961,77559,NGH1-NGX1
1612134011184992686,1612134011183072879,0,1,41645,T,N,0,-170000000,1,4,18289,77619,NGJ1-NGV1
1612134011184992686,1612134011183072879,0,1,111296,T,B,0,2739000000,1,132,18289,77619,NGJ1
1612134011184992686,1612134011183072879,0,1,111311,T,N,0,2909000000,1,4,18289,77619,NGV1
1612134011196746492,1612134011195835263,0,1,209631,T,B,0,-55000000,1,4,18529,77863,NGV1-NGX1
1612134011196800532,1612134011195852935,0,1,41645,T,B,0,-170000000,1,4,23689,77864,NGJ1-NGV1
1612134011196800532,1612134011195865803,0,1,24512,T,B,0,-8000000,1,4,23689,77864,NGH1-NGJ1
1612134011311009213,1612134011310662843,0,1,111294,T,A,0,2731000000,1,4,17666,77915,NGH1
1612134011311480176,1612134011311070501,0,1,111294,T,A,0,2731000000,2,4,17945,77923,NGH1
1612134011311847128,1612134011311496309,0,1,111294,T,A,0,2731000000,1,4,18337,77927,NGH1
1612134011374251653,1612134011373654463,0,1,143984,T,A,0,3158000000,1,132,19232,78086,NGF2
1612134011374251653,1612134011373654463,0,1,17356,T,N,0,-85000000,1,4,19232,78086,NGZ1-NGF2
1612134011374251653,1612134011373654463,0,1,111314,T,N,0,3073000000,1,4,19232,78086,NGZ1
1612134011573454229,1612134011572983607,0,1,111294,T,A,0,2727000000,2,4,19807,78261,NGH1
1612134011573454229,1612134011572983607,0,1,111294,T,A,0,2726000000,1,4,19807,78261,NGH1
1612134011666372998,1612134011665918663,0,1,111294,T,A,0,2726000000,1,4,17751,78305,NGH1
1612134011977098636,1612134011976599223,0,1,41645,T,A,0,-171000000,5,4,18579,78363,NGJ1-NGV1
1612134011977795987,1612134011976613007,0,1,41645,T,A,0,-171000000,4,4,18462,78365,NGJ1-NGV1
1612134011979327760,1612134011978927157,0,1,41645,T,B,0,-171000000,1,4,18232,78372,NGJ1-NGV1
1612134012074753400,1612134012074312463,0,1,111294,T,B,0,2730000000,5,4,18587,78379,NGH1
1612134012179515460,1612134012178821995,0,1,204979,T,B,0,-20000000,1,4,19049,78419,NGJ1-NGK1
1612134012462519574,1612134012461959473,0,1,111294,T,A,0,2729000000,2,4,17918,78489,NGH1
1612134012487796560,1612134012486816987,0,1,111294,T,N,0,2728000000,1,4,19007,78583,NGH1
1612134012487796560,1612134012486816987,0,1,24512,T,N,0,-8000000,1,4,19007,78583,NGH1-NGJ1
1612134012487796560,1612134012486816987,0,1,111296,T,A,0,2737000000,1,4,19007,78583,NGJ1
1612134012487796560,1612134012486816987,0,1,111296,T,A,0,2736000000,1,4,19007,78583,NGJ1
1612134012538357192,1612134012537993171,0,1,111294,T,A,0,2728000000,1,4,19275,78605,NGH1
1612134012914609469,1612134012914199651,0,1,111294,T,A,0,2727000000,1,4,17817,78702,NGH1
1612134012983423304,1612134012982683659,0,1,15052,T,B,0,-20000000,2,4,18204,78721,NGN1-NGQ1
1612134013150737032,1612134013150216825,0,1,24512,T,B,0,-8000000,1,4,18148,78727,NGH1-NGJ1
1612134013179212248,1612134013178740651,0,1,204979,T,B,0,-20000000,1,4,18601,78737,NGJ1-NGK1
1612134013232035495,1612134013231054537,0,1,24512,T,N,0,-9000000,2,4,19903,78751,NGH1-NGJ1
1612134013232035495,1612134013231054537,0,1,111294,T,N,0,2728000000,2,4,19903,78751,NGH1
1612134013232035495,1612134013231054537,0,1,111296,T,B,0,2737000000,2,4,19903,78751,NGJ1
1612134013232035495,1612134013231054537,0,1,111296,T,B,0,2738000000,2,4,19903,78751,NGJ1
1612134013232035495,1612134013231054537,0,1,41645,T,N,0,-170000000,1,4,19903,78751,NGJ1-NGV1
1612134013232035495,1612134013231054537,0,1,111311,T,N,0,2908000000,1,4,19903,78751,NGV1
1612134013236171887,1612134013235560835,0,1,111311,T,A,0,2908000000,5,132,17847,78874,NGV1
1612134013236171887,1612134013235560835,0,1,41645,T,N,0,-170000000,5,4,17847,78874,NGJ1-NGV1
1612134013236171887,1612134013235560835,0,1,111296,T,N,0,2738000000,5,4,17847,78874,NGJ1
1612134013246452193,1612134013241982541,0,1,111296,T,A,0,2738000000,1,4,22475,79097,NGJ1
1612134013276742205,1612134013276173345,0,1,24512,T,B,0,-8000000,1,4,18334,79286,NGH1-NGJ1
1612134013404612814,1612134013404129825,0,1,24512,T,B,0,-8000000,1,4,17912,79312,NGH1-NGJ1
1612134013436142268,1612134013435563677,0,1,111296,T,N,0,2738000000,3,4,18621,79319,NGJ1
1612134013436142268,1612134013435563677,0,1,41645,T,N,0,-170000000,3,4,18621,79319,NGJ1-NGV1
1612134013436142268,1612134013435563677,0,1,111311,T,A,0,2908000000,3,132,18621,79319,NGV1
1612134013480966566,1612134013480520241,0,1,111294,T,A,0,2729000000,1,4,18249,79326,NGH1
1612134013517639279,1612134013517121897,0,1,24512,T,B,0,-8000000,1,4,18352,79342,NGH1-NGJ1
1612134014429633073,1612134014428944745,0,1,204979,T,B,0,-20000000,1,4,18439,79394,NGJ1-NGK1
1612134014456416580,1612134014455074369,0,1,24512,T,N,0,-8000000,5,4,20933,79411,NGH1-NGJ1
1612134014456416580,1612134014455074369,0,1,111294,T,B,0,2731000000,3,4,20933,79411,NGH1
1612134014456416580,1612134014455074369,0,1,111294,T,B,0,2732000000,8,4,20933,79411,NGH1
1612134014456416580,1612134014455074369,0,1,111296,T,N,0,2739000000,2,4,20933,79411,NGJ1
1612134014456416580,1612134014455074369,0,1,111296,T,N,0,2740000000,3,4,20933,79411,NGJ1
1612134014473130898,1612134014456469439,0,1,111294,T,A,0,2732000000,1,4,18239,79429,NGH1
1612134014477763993,1612134014466266915,0,1,111294,T,N,0,2732000000,1,4,17935,79483,NGH1
1612134014477763993,1612134014466266915,0,1,111296,T,A,0,2740000000,1,132,17935,79483,NGJ1
1612134014477763993,1612134014466266915,0,1,24512,T,N,0,-8000000,1,4,17935,79483,NGH1-NGJ1
1612134014482132725,1612134014480867445,0,1,111296,T,N,0,2740000000,1,4,23472,79602,NGJ1
1612134014482132725,1612134014480867445,0,1,204979,T,N,0,-20000000,1,4,23472,79602,NGJ1-NGK1
1612134014482132725,1612134014480867445,0,1,111298,T,A,0,2760000000,1,132,23472,79602,NGK1
1612134014581795773,1612134014581167177,0,1,111296,T,N,0,2740000000,1,4,18653,79775,NGJ1
1612134014581795773,1612134014581167177,0,1,24512,T,A,0,-8000000,1,4,18653,79775,NGH1-NGJ1
1612134014581795773,1612134014581167177,0,1,111294,T,N,0,2732000000,1,4,18653,79775,NGH1
1612134014582955019,1612134014581989333,0,1,111294,T,N,0,2732000000,1,4,18827,79787,NGH1
1612134014582955019,1612134014581989333,0,1,307463,T,A,0,-209000000,1,132,18827,79787,NGH1-NGH2
1612134014582955019,1612134014581989333,0,1,154903,T,N,0,2941000000,1,4,18827,79787,NGH2
1612134014584390396,1612134014583652019,0,1,307492,T,B,0,219000000,1,4,19411,79827,NGF2-NGH2
1612134014584735300,1612134014583728849,0,1,19540,T,B,0,-254000000,1,4,19555,79837,NGV1-NGF2
1612134014584749820,1612134014583838097,0,1,24512,T,B,0,-8000000,1,4,21755,79838,NGH1-NGJ1
1612134014584845416,1612134014583900347,0,1,41645,T,B,0,-170000000,1,4,18136,79841,NGJ1-NGV1
1612134014592320330,1612134014591773011,0,1,24512,T,N,0,-8000000,1,4,20467,79968,NGH1-NGJ1
1612134014592320330,1612134014591773011,0,1,111294,T,N,0,2732000000,1,4,20467,79968,NGH1
1612134014592320330,1612134014591773011,0,1,111296,T,A,0,2740000000,1,132,20467,79968,NGJ1
1612134014943820237,1612134014943132535,0,1,111296,T,N,0,2739000000,1,4,18305,80156,NGJ1
1612134014943820237,1612134014943132535,0,1,111294,T,B,0,2731000000,1,4,18305,80156,NGH1
1612134014943820237,1612134014943132535,0,1,24512,T,N,0,-8000000,1,4,18305,80156,NGH1-NGJ1
1612134015606474171,1612134015606078811,0,1,111294,T,A,0,2730000000,1,4,17392,80281,NGH1
1612134015679315001,1612134015678799867,0,1,204979,T,B,0,-20000000,1,4,17933,80339,NGJ1-NGK1
1612134015702049104,1612134015701433323,0,1,204979,T,N,0,-20000000,1,4,18327,80385,NGJ1-NGK1
1612134015702049104,1612134015701433323,0,1,111296,T,N,0,2738000000,1,4,18327,80385,NGJ1
1612134015702049104,1612134015701433323,0,1,111298,T,A,0,2758000000,1,132,18327,80385,NGK1
1612134015854927919,1612134015854017853,0,1,111296,T,N,0,2738000000,3,4,19236,80453,NGJ1
1612134015854927919,1612134015854017853,0,1,111294,T,A,0,2730000000,1,4,19236,80453,NGH1
1612134015854927919,1612134015854017853,0,1,111294,T,A,0,2729000000,3,4,19236,80453,NGH1
1612134015854927919,1612134015854017853,0,1,24512,T,N,0,-9000000,3,4,19236,80453,NGH1-NGJ1
1612134015907281771,1612134015906715773,0,1,111296,T,N,0,2738000000,1,4,18229,80503,NGJ1
1612134015907281771,1612134015906715773,0,1,111298,T,A,0,2758000000,1,132,18229,80503,NGK1
1612134015907281771,1612134015906715773,0,1,204979,T,N,0,-20000000,1,4,18229,80503,NGJ1-NGK1
1612134015992034916,1612134015989451871,0,1,111298,T,N,0,2759000000,1,4,21894,80539,NGK1
1612134015992034916,1612134015989451871,0,1,111296,T,N,0,2739000000,2,4,21894,80539,NGJ1
1612134015992034916,1612134015989451871,0,1,111296,T,N,0,2741000000,1,4,21894,80539,NGJ1
1612134015992034916,1612134015989451871,0,1,24512,T,N,0,-8000000,3,4,21894,80539,NGH1-NGJ1
1612134015992034916,1612134015989451871,0,1,111294,T,B,0,2730000000,1,4,21894,80539,NGH1
1612134015992034916,1612134015989451871,0,1,111294,T,B,0,2731000000,2,4,21894,80539,NGH1
1612134015992034916,1612134015989451871,0,1,111294,T,B,0,2733000000,3,4,21894,80539,NGH1
1612134015992034916,1612134015989451871,0,1,111294,T,B,0,2734000000,1,4,21894,80539,NGH1
1612134015992034916,1612134015989451871,0,1,111294,T,B,0,2735000000,1,4,21894,80539,NGH1
1612134015992034916,1612134015989451871,0,1,204963,T,N,0,-25000000,1,4,21894,80539,NGH1-NGK1
1612134016552281507,1612134016551682227,0,1,111294,T,A,0,2731000000,1,4,17975,80802,NGH1
1612134016679262528,1612134016678707093,0,1,204979,T,B,0,-20000000,1,4,18009,80847,NGJ1-NGK1
1612134016870010333,1612134016869658395,0,1,111294,T,A,0,2732000000,1,4,17835,80927,NGH1
1612134016875480747,1612134016874304279,0,1,111294,T,A,0,2732000000,1,4,18104,80930,NGH1
1612134016875480747,1612134016874304279,0,1,111294,T,A,0,2731000000,1,4,18104,80930,NGH1
1612134017929685763,1612134017928696991,0,1,204979,T,B,0,-20000000,1,4,21720,81016,NGJ1-NGK1
1612134018097006783,1612134018096357279,0,1,111294,T,N,0,2730000000,3,4,18790,81045,NGH1
1612134018097006783,1612134018096357279,0,1,24512,T,N,0,-9000000,3,4,18790,81045,NGH1-NGJ1
1612134018097006783,1612134018096357279,0,1,111296,T,A,0,2739000000,3,132,18790,81045,NGJ1
1612134018441125677,1612134018440759585,0,1,111294,T,A,0,2730000000,10,4,18993,81086,NGH1
1612134018458259885,1612134018457798615,0,1,24512,T,B,0,-9000000,1,4,17820,81142,NGH1-NGJ1
1612134018819010183,1612134018817865223,0,1,24512,T,N,0,-9000000,1,4,28889,81237,NGH1-NGJ1
1612134018819010183,1612134018817865223,0,1,24512,T,N,0,-8000000,2,4,28889,81237,NGH1-NGJ1
1612134018819010183,1612134018817865223,0,1,111294,T,B,0,2732000000,1,4,28889,81237,NGH1
1612134018819010183,1612134018817865223,0,1,111294,T,B,0,2733000000,2,4,28889,81237,NGH1
1612134018819010183,1612134018817865223,0,1,111294,T,B,0,2734000000,1,4,28889,81237,NGH1
1612134018819010183,1612134018817865223,0,1,111296,T,N,0,2741000000,3,4,28889,81237,NGJ1
1612134018823839070,1612134018823442123,0,1,111294,T,B,0,2735000000,1,4,17861,81305,NGH1
1612134019140529251,1612134019140171147,0,1,111294,T,A,0,2730000000,1,4,18310,81347,NGH1
1612134019179651431,1612134019179071911,0,1,204979,T,B,0,-20000000,1,4,18457,81349,NGJ1-NGK1
1612134019563471210,1612134019562538147,0,1,41645,T,B,0,-170000000,200,4,20906,81393,NGJ1-NGV1
1612134019786089463,1612134019785548553,0,1,111294,T,A,0,2731000000,1,4,19217,81426,NGH1
1612134019786649614,1612134019786166787,0,1,111294,T,A,0,2731000000,1,4,19128,81431,NGH1
1612134020014775329,1612134020013407357,0,1,111294,T,A,0,2731000000,1,4,19522,81528,NGH1
1612134020260113461,1612134020259780013,0,1,111294,T,A,0,2730000000,3,4,19402,81567,NGH1
1612134020474966677,1612134020474560067,0,1,111294,T,A,0,2730000000,2,4,18260,81575,NGH1
1612134020548474127,1612134020548101581,0,1,111294,T,A,0,2731000000,1,4,17815,81581,NGH1
1612134020633677148,1612134020633253977,0,1,111294,T,B,0,2732000000,3,4,21658,81639,NGH1
1612134020637773633,1612134020637448483,0,1,111294,T,A,0,2730000000,2,4,18029,81645,NGH1
1612134020861640905,1612134020861329705,0,1,111294,T,A,0,2730000000,1,4,18491,81659,NGH1
1612134021049415683,1612134021049035721,0,1,111294,T,A,0,2730000000,1,4,23784,81669,NGH1
1612134021132661407,1612134021132193535,0,1,41645,T,B,0,-170000000,10,4,21041,81673,NGJ1-NGV1
1612134021268382954,1612134021267979205,0,1,111294,T,A,0,2730000000,1,4,18881,81676,NGH1
1612134021291791887,1612134021291344815,0,1,41645,T,B,0,-170000000,9,4,18164,81678,NGJ1-NGV1
1612134021528655916,1612134021527797305,0,1,111294,T,B,0,2731000000,5,4,18834,81821,NGH1
1612134021528655916,1612134021527797305,0,1,111294,T,B,0,2732000000,5,4,18834,81821,NGH1
1612134021674623588,1612134021674165971,0,1,111294,T,A,0,2731000000,2,4,17907,81967,NGH1
1612134022013835937,1612134022013501525,0,1,111294,T,B,0,2731000000,2,4,17768,82040,NGH1
1612134022388550477,1612134022388162777,0,1,111294,T,B,0,2731000000,1,4,17879,82071,NGH1
1612134022592593165,1612134022591235399,0,1,111294,T,B,0,2732000000,6,4,18361,82098,NGH1
1612134022641381201,1612134022641057611,0,1,111294,T,A,0,2730000000,1,4,18037,82126,NGH1
1612134024171676437,1612134024170658261,0,1,204979,T,B,0,-19000000,4,4,18555,82404,NGJ1-NGK1
1612134024413373489,1612134024412726581,0,1,111294,T,A,0,2730000000,2,4,17798,82740,NGH1
1612134024843720428,1612134024842866257,0,1,204979,T,N,0,-18000000,1,4,20486,82918,NGJ1-NGK1
1612134024843720428,1612134024842866257,0,1,111296,T,B,0,2740000000,1,132,20486,82918,NGJ1
1612134024843720428,1612134024842866257,0,1,111298,T,N,0,2758000000,1,4,20486,82918,NGK1
1612134024887361361,1612134024886763617,0,1,111294,T,A,0,2730000000,1,4,18767,82992,NGH1
1612134024887829965,1612134024887436361,0,1,111294,T,A,0,2730000000,1,4,17674,82994,NGH1
1612134025061619311,1612134025060932495,0,1,111294,T,A,0,2730000000,3,4,17840,83029,NGH1
1612134025062089542,1612134025061671779,0,1,111294,T,A,0,2730000000,1,4,18467,83032,NGH1
1612134025111756396,1612134025110538759,0,1,204979,T,N,0,-19000000,1,4,19076,83088,NGJ1-NGK1
1612134025111756396,1612134025110538759,0,1,121372,T,N,0,-51000000,1,4,19076,83088,NGK1-NGM1
1612134025111756396,1612134025110538759,0,1,43150,T,A,0,32000000,1,132,19076,83088,NG:BF J1-K1-M1
1612134026102406132,1612134026101831153,0,1,111294,T,B,0,2731000000,9,4,19034,83291,NGH1
1612134026119945964,1612134026119622335,0,1,111294,T,B,0,2731000000,1,4,17919,83316,NGH1
1612134026128870536,1612134026128544011,0,1,111294,T,A,0,2730000000,5,4,17974,83322,NGH1
1612134026143181026,1612134026142864109,0,1,111294,T,A,0,2730000000,1,4,17549,83327,NGH1
1612134026663399179,1612134026663073949,0,1,111294,T,A,0,2730000000,1,4,17930,83372,NGH1
1612134026850158432,1612134026849812113,0,1,111294,T,A,0,2730000000,1,4,17554,83385,NGH1
1612134027060250843,1612134027059519515,0,1,209631,T,A,0,-57000000,2,4,18674,83450,NGV1-NGX1
1612134027872208363,1612134027871491723,0,1,62831,T,B,0,-64000000,1,4,18025,83557,NGM1-NGN1
1612134028249956251,1612134028249505021,0,1,111294,T,A,0,2730000000,1,4,18328,83573,NGH1
1612134028385998153,1612134028385346301,0,1,62831,T,B,0,-64000000,1,4,18311,83584,NGM1-NGN1
1612134028900070539,1612134028899190039,0,1,62831,T,B,0,-64000000,1,4,18044,83600,NGM1-NGN1
1612134029016368376,1612134029015519329,0,1,111294,T,A,0,2730000000,2,4,17940,83604,NGH1
1612134029414200694,1612134029413346171,0,1,62831,T,B,0,-64000000,2,4,18073,83612,NGM1-NGN1
1612134029533579150,1612134029532827585,0,1,111298,T,A,0,2756000000,7,4,17556,83628,NGK1
1612134029594799993,1612134029594456613,0,1,111296,T,A,0,2738000000,1,4,18242,83664,NGJ1
1612134029595465028,1612134029594814181,0,1,111296,T,N,0,2738000000,2,4,19352,83666,NGJ1
1612134029595465028,1612134029594814181,0,1,111298,T,A,0,2756000000,2,132,19352,83666,NGK1
1612134029595465028,1612134029594814181,0,1,204979,T,N,0,-18000000,2,4,19352,83666,NGJ1-NGK1
1612134029596070727,1612134029595492691,0,1,24512,T,A,0,-9000000,1,4,18666,83676,NGH1-NGJ1
1612134029881652775,1612134029881091497,0,1,282784,T,B,0,11000000,14,4,18606,83902,NGQ1-NGU1
1612134029925069191,1612134029924742147,0,1,111294,T,A,0,2730000000,7,4,17711,83973,NGH1
1612134029925512963,1612134029925137729,0,1,111294,T,A,0,2730000000,1,4,17680,83976,NGH1
1612134029926417661,1612134029925834223,0,1,204979,T,N,0,-18000000,1,4,18599,83979,NGJ1-NGK1
1612134029926417661,1612134029925834223,0,1,111298,T,A,0,2756000000,1,132,18599,83979,NGK1
1612134029926417661,1612134029925834223,0,1,111296,T,N,0,2738000000,1,4,18599,83979,NGJ1
1612134029928089822,1612134029927313477,0,1,62831,T,B,0,-64000000,2,4,17919,84017,NGM1-NGN1
1612134029954083062,1612134029953648083,0,1,111294,T,A,0,2730000000,1,4,18038,84082,NGH1
1612134030099411178,1612134030098876671,0,1,111294,T,A,0,2730000000,1,4,17461,84141,NGH1
1612134030099887913,1612134030099473483,0,1,111294,T,A,0,2730000000,1,4,18602,84144,NGH1
1612134030374144435,1612134030373487673,0,1,115489,T,A,0,386000000,1,4,18151,84177,NGH2-NGJ2
1612134030451934186,1612134030451491341,0,1,62831,T,B,0,-64000000,3,4,17927,84218,NGM1-NGN1
1612134030557851236,1612134030557386555,0,1,111294,T,B,0,2730000000,4,4,18503,84251,NGH1
1612134030957774146,1612134030957349293,0,1,111294,T,A,0,2730000000,1,4,18322,84406,NGH1
1612134030967292713,1612134030966854319,0,1,62831,T,B,0,-64000000,8,4,17904,84415,NGM1-NGN1
1612134030979596830,1612134030978166819,0,1,62831,T,N,0,-64000000,7,4,24359,84517,NGM1-NGN1
1612134030979596830,1612134030978166819,0,1,121372,T,B,0,-51000000,17,4,24359,84517,NGK1-NGM1
1612134030979596830,1612134030978166819,0,1,34802,T,N,0,13000000,7,4,24359,84517,NG:BF K1-M1-N1
1612134030980580465,1612134030979738377,0,1,62811,T,B,0,-117000000,1,4,19045,84567,NGK1-NGN1
1612134030980657553,1612134030979798451,0,1,121372,T,A,0,-51000000,1,4,17464,84569,NGK1-NGM1
1612134030981594671,1612134030980591335,0,1,121372,T,N,0,-51000000,1,4,18559,84603,NGK1-NGM1
1612134030981594671,1612134030980591335,0,1,34802,T,N,0,13000000,1,4,18559,84603,NG:BF K1-M1-N1
1612134030981594671,1612134030980591335,0,1,62831,T,A,0,-64000000,1,132,18559,84603,NGM1-NGN1
1612134030981893406,1612134030980610893,0,1,121372,T,A,0,-51000000,1,4,17766,84617,NGK1-NGM1
1612134030992506287,1612134030991837181,0,1,121372,T,B,0,-51000000,2,132,18752,84720,NGK1-NGM1
1612134030992506287,1612134030991837181,0,1,62831,T,N,0,-64000000,2,4,18752,84720,NGM1-NGN1
1612134030992506287,1612134030991837181,0,1,34802,T,N,0,13000000,2,4,18752,84720,NG:BF K1-M1-N1
1612134031093962666,1612134031092365585,0,1,34802,T,N,0,13000000,2,4,19200,84918,NG:BF K1-M1-N1
1612134031093962666,1612134031092365585,0,1,62831,T,N,0,-64000000,2,4,19200,84918,NGM1-NGN1
1612134031093962666,1612134031092365585,0,1,121372,T,B,0,-51000000,2,132,19200,84918,NGK1-NGM1
1612134031109617481,1612134031109280661,0,1,111294,T,B,0,2731000000,1,4,17817,84925,NGH1
1612134031410515701,1612134031410149849,0,1,111294,T,A,0,2730000000,1,4,18157,85069,NGH1
1612134031524366692,1612134031523554907,0,1,121372,T,N,0,-51000000,2,4,19111,85108,NGK1-NGM1
1612134031524366692,1612134031523554907,0,1,62831,T,A,0,-64000000,2,4,19111,85108,NGM1-NGN1
1612134031524366692,1612134031523554907,0,1,34802,T,N,0,13000000,2,4,19111,85108,NG:BF K1-M1-N1
1612134031535110669,1612134031534270503,0,1,34802,T,N,0,13000000,2,4,19018,85141,NG:BF K1-M1-N1
1612134031535110669,1612134031534270503,0,1,62831,T,N,0,-64000000,2,4,19018,85141,NGM1-NGN1
1612134031535110669,1612134031534270503,0,1,121372,T,B,0,-51000000,2,132,19018,85141,NGK1-NGM1
1612134031575913018,1612134031574767337,0,1,121372,T,A,0,-52000000,10,4,31007,85154,NGK1-NGM1
1612134031575913018,1612134031574767337,0,1,204979,T,N,0,-19000000,7,4,31007,85154,NGJ1-NGK1
1612134031575913018,1612134031574767337,0,1,43150,T,N,0,33000000,7,4,31007,85154,NG:BF J1-K1-M1
1612134031577684323,1612134031576803155,0,1,111296,T,N,0,2738000000,2,4,17916,85244,NGJ1
1612134031577684323,1612134031576803155,0,1,111299,T,N,0,2808000000,2,4,17916,85244,NGM1
1612134031577684323,1612134031576803155,0,1,121360,T,A,0,-70000000,2,132,17916,85244,NGJ1-NGM1
1612134031983508354,1612134031982641063,0,1,111296,T,N,0,2738000000,2,4,19012,85468,NGJ1
1612134031983508354,1612134031982641063,0,1,41645,T,N,0,-167000000,2,4,19012,85468,NGJ1-NGV1
1612134031983508354,1612134031982641063,0,1,111311,T,A,0,2905000000,2,132,19012,85468,NGV1
1612134032009811633,1612134032009303897,0,1,111294,T,B,0,2731000000,2,4,17909,85484,NGH1
1612134032233907332,1612134032233263121,0,1,121372,T,A,0,-51000000,2,4,18291,85695,NGK1-NGM1
1612134032378746372,1612134032378309437,0,1,24512,T,A,0,-9000000,1,4,21208,85869,NGH1-NGJ1
1612134032622146829,1612134032621114835,0,1,62831,T,B,0,-64000000,1,132,18811,86045,NGM1-NGN1
1612134032622146829,1612134032621114835,0,1,15052,T,N,0,-20000000,1,4,18811,86045,NGN1-NGQ1
1612134032622146829,1612134032621114835,0,1,91692,T,N,0,-44000000,1,4,18811,86045,NG:BF M1-N1-Q1
1612134032639165338,1612134032638749511,0,1,111294,T,A,0,2731000000,1,4,18102,86048,NGH1
1612134032939790087,1612134032939349621,0,1,111294,T,A,0,2731000000,1,4,26544,86068,NGH1
1612134033587108748,1612134033586182051,0,1,115489,T,A,0,386000000,1,4,22710,86145,NGH2-NGJ2
1612134033792091035,1612134033791171453,0,1,111296,T,A,0,2740000000,1,4,22725,86189,NGJ1
1612134034122197889,1612134034121255957,0,1,91692,T,N,0,-44000000,1,4,23162,86436,NG:BF M1-N1-Q1
1612134034122197889,1612134034121255957,0,1,15052,T,N,0,-20000000,1,4,23162,86436,NGN1-NGQ1
