ts_recv,ts_event,rtype,publisher_id,instrument_id,action,side,depth,price,size,flags,ts_in_delta,sequence,symbol
1606348824680080492,1606348824679397025,0,1,111291,T,A,0,2926000000,3,0,28092,25684928,NGF1
1606348824680080492,1606348824679397025,0,1,111291,T,A,0,2925000000,1,0,28092,25684928,NGF1
1606348824689095935,1606348824685952425,0,1,24512,T,N,0,131000000,1,0,18846,25685086,NGH1-NGJ1
1606348824689095935,1606348824685952425,0,1,111296,T,N,0,2705000000,1,0,18846,25685086,NGJ1
1606348824689095935,1606348824685952425,0,1,111294,T,B,0,2836000000,1,0,18846,25685086,NGH1
1606348829144473855,1606348829143839755,0,1,111291,T,A,0,2924000000,5,0,25187,25685215,NGF1
1606348829144473855,1606348829143839755,0,1,15228,T,N,0,16000000,1,0,25187,25685215,NGF1-NGG1
1606348829144473855,1606348829143839755,0,1,111293,T,N,0,2908000000,1,0,25187,25685215,NGG1
1606348829152814091,1606348829152474285,0,1,111291,T,N,0,2924000000,2,0,18199,25685253,NGF1
1606348829152814091,1606348829152474285,0,1,111294,T,B,0,2836000000,2,0,18199,25685253,NGH1
1606348829152814091,1606348829152474285,0,1,215879,T,N,0,88000000,2,0,18199,25685253,NGF1-NGH1
1606348830102069764,1606348830101677321,0,1,111291,T,B,0,2925000000,1,0,24377,25685305,NGF1
1606348841212526400,1606348841211837225,0,1,111291,T,B,0,2925000000,1,0,26064,25685352,NGF1
1606348842066307487,1606348842065994561,0,1,111291,T,A,0,2924000000,2,0,24096,25685361,NGF1
1606348844145770255,1606348844144997649,0,1,111291,T,A,0,2923000000,4,0,23310,25685391,NGF1
1606348844145783719,1606348844144997649,0,1,111291,T,A,0,2923000000,1,0,19414,25685392,NGF1
1606348844148172710,1606348844145801425,0,1,111291,T,A,0,2923000000,1,0,21008,25685400,NGF1
1606348844149305564,1606348844148156799,0,1,111291,T,A,0,2923000000,1,0,23069,25685428,NGF1
1606348844151007065,1606348844149144151,0,1,111294,T,B,0,2835000000,1,0,20215,25685462,NGH1
1606348845970127222,1606348845969320319,0,1,111291,T,A,0,2922000000,4,0,21933,25685681,NGF1
1606348845970140878,1606348845969320319,0,1,111291,T,A,0,2921000000,1,0,20254,25685682,NGF1
1606348845970140878,1606348845969320319,0,1,111291,T,A,0,2921000000,1,0,20254,25685682,NGF1
1606348845970184938,1606348845969320319,0,1,111291,T,A,0,2921000000,1,0,19919,25685683,NGF1
1606348845970184938,1606348845969320319,0,1,111291,T,A,0,2920000000,1,0,19919,25685683,NGF1
1606348845970198246,1606348845969320319,0,1,111291,T,A,0,2920000000,1,0,25889,25685684,NGF1
1606348845970199374,1606348845969320319,0,1,111291,T,A,0,2920000000,1,0,20375,25685685,NGF1
1606348845970311710,1606348845969320319,0,1,111291,T,A,0,2920000000,2,0,18613,25685686,NGF1
1606348845971633652,1606348845970577783,0,1,111291,T,A,0,2920000000,1,0,18657,25685713,NGF1
1606348845972855657,1606348845971651927,0,1,111291,T,A,0,2920000000,1,0,18096,25685741,NGF1
1606348845973723712,1606348845972204365,0,1,111291,T,A,0,2920000000,1,0,19714,25685773,NGF1
1606348845979761272,1606348845979540661,0,1,111291,T,A,0,2920000000,1,0,17975,25685812,NGF1
1606348845980093836,1606348845979855955,0,1,111291,T,A,0,2920000000,1,0,17605,25685814,NGF1
1606348845982855114,1606348845982633441,0,1,111291,T,A,0,2920000000,3,0,17811,25685818,NGF1
1606348845983161202,1606348845982931197,0,1,111291,T,A,0,2920000000,2,0,17995,25685822,NGF1
1606348845983327846,1606348845983101047,0,1,111291,T,A,0,2920000000,1,0,17459,25685824,NGF1
1606348845997520603,1606348845997176119,0,1,111294,T,B,0,2832000000,1,0,17717,25685884,NGH1
1606348845997520603,1606348845997176119,0,1,111296,T,N,0,2702000000,1,0,17717,25685884,NGJ1
1606348845997520603,1606348845997176119,0,1,24512,T,N,0,130000000,1,0,17717,25685884,NGH1-NGJ1
1606348846025425411,1606348846025150709,0,1,111291,T,A,0,2920000000,1,0,17702,25685919,NGF1
1606348846133436525,1606348846133180141,0,1,111291,T,A,0,2920000000,1,0,17431,25685933,NGF1
1606348846341426090,1606348846341186225,0,1,111291,T,B,0,2921000000,3,0,18085,25685939,NGF1
1606348846341806317,1606348846341488317,0,1,111291,T,B,0,2921000000,1,0,18535,25685948,NGF1
1606348846344264452,1606348846344020187,0,1,111291,T,B,0,2921000000,1,0,17665,25685973,NGF1
1606348848925843351,1606348848925462641,0,1,111291,T,A,0,2920000000,6,0,21345,25686008,NGF1
1606348849150844528,1606348849150527387,0,1,111291,T,A,0,2920000000,7,0,23399,25686018,NGF1
1606348850911136945,1606348850904703029,0,1,111291,T,A,0,2920000000,1,0,18661,25686199,NGF1
1606348859141328094,1606348859140841193,0,1,111291,T,A,0,2920000000,3,0,23229,25686422,NGF1
1606348863479010923,1606348863478488543,0,1,111294,T,A,0,2830000000,1,0,20398,25686565,NGH1
1606348863479010923,1606348863478488543,0,1,111294,T,A,0,2829000000,1,0,20398,25686565,NGH1
1606348863479010923,1606348863478488543,0,1,111293,T,N,0,2904000000,1,0,20398,25686565,NGG1
1606348863479010923,1606348863478488543,0,1,215880,T,N,0,74000000,1,0,20398,25686565,NGG1-NGH1
1606348863480561464,1606348863479276083,0,1,111294,T,B,0,2829000000,2,0,22746,25686595,NGH1
1606348865436320113,1606348865435947239,0,1,111291,T,A,0,2920000000,2,0,18004,25686826,NGF1
1606348867718416434,1606348867717162975,0,1,111291,T,A,0,2919000000,3,0,30856,25686910,NGF1
1606348867718431598,1606348867717162975,0,1,111291,T,A,0,2918000000,1,0,21408,25686911,NGF1
1606348867720005279,1606348867718607821,0,1,111291,T,B,0,2919000000,1,0,17505,25686951,NGF1
1606348867720167371,1606348867718843333,0,1,24512,T,A,0,129000000,3,0,17949,25686956,NGH1-NGJ1
1606348867723117737,1606348867720657505,0,1,111291,T,B,0,2919000000,1,0,20254,25687020,NGF1
1606348867882513698,1606348867882266193,0,1,111291,T,A,0,2918000000,1,0,18159,25687112,NGF1
1606348867886242023,1606348867885983699,0,1,111291,T,A,0,2918000000,1,0,17445,25687125,NGF1
1606348867887731724,1606348867887104981,0,1,24512,T,B,0,129000000,4,0,17123,25687155,NGH1-NGJ1
1606348867888074511,1606348867887836799,0,1,111291,T,B,0,2918000000,1,0,18451,25687167,NGF1
1606348869152247564,1606348869151900947,0,1,111291,T,A,0,2917000000,2,0,18042,25687231,NGF1
1606348869414474623,1606348869414194151,0,1,111291,T,B,0,2917000000,2,0,17379,25687271,NGF1
1606348870347835602,1606348870347268887,0,1,111291,T,A,0,2916000000,1,0,18508,25687323,NGF1
1606348870347856362,1606348870347268887,0,1,111291,T,A,0,2916000000,1,0,21118,25687324,NGF1
1606348870347856362,1606348870347268887,0,1,111291,T,A,0,2915000000,4,0,21118,25687324,NGF1
1606348870347856362,1606348870347268887,0,1,111293,T,N,0,2900000000,1,0,21118,25687324,NGG1
1606348870347856362,1606348870347268887,0,1,111293,T,N,0,2899000000,1,0,21118,25687324,NGG1
1606348870347856362,1606348870347268887,0,1,15228,T,N,0,16000000,1,0,21118,25687324,NGF1-NGG1
1606348870347856362,1606348870347268887,0,1,15228,T,N,0,16000000,1,0,21118,25687324,NGF1-NGG1
1606348873722599729,1606348873722288951,0,1,111291,T,A,0,2915000000,1,0,24282,25687444,NGF1
1606348878681563185,1606348878680951409,0,1,111291,T,A,0,2915000000,4,0,24283,25687475,NGF1
1606348878681563185,1606348878680951409,0,1,15228,T,N,0,16000000,1,0,24283,25687475,NGF1-NGG1
1606348878681563185,1606348878680951409,0,1,111293,T,N,0,2899000000,1,0,24283,25687475,NGG1
1606348878683834404,1606348878682467557,0,1,111291,T,A,0,2914000000,1,0,16938,25687520,NGF1
1606348878683834404,1606348878682467557,0,1,111291,T,A,0,2914000000,1,0,16938,25687520,NGF1
1606348879067554309,1606348879067259871,0,1,111291,T,B,0,2915000000,1,0,22562,25687696,NGF1
1606348879067869052,1606348879067628681,0,1,111291,T,B,0,2915000000,1,0,22044,25687702,NGF1
1606348879150593584,1606348879150208741,0,1,111291,T,A,0,2914000000,3,0,19459,25687715,NGF1
1606348879150593584,1606348879150208741,0,1,111293,T,N,0,2898000000,1,0,19459,25687715,NGG1
1606348879150593584,1606348879150208741,0,1,15228,T,N,0,16000000,1,0,19459,25687715,NGF1-NGG1
1606348881527520074,1606348881527149997,0,1,111291,T,A,0,2914000000,1,0,23354,25687735,NGF1
1606348884715591840,1606348884715230219,0,1,111291,T,A,0,2914000000,1,0,23094,25687775,NGF1
1606348888346920683,1606348888346245967,0,1,111291,T,A,0,2914000000,3,0,25945,25687801,NGF1
1606348888346920683,1606348888346245967,0,1,111291,T,A,0,2913000000,5,0,25945,25687801,NGF1
1606348888346920683,1606348888346245967,0,1,15228,T,N,0,16000000,1,0,25945,25687801,NGF1-NGG1
1606348888346920683,1606348888346245967,0,1,111293,T,N,0,2898000000,1,0,25945,25687801,NGG1
1606348888725821738,1606348888725503921,0,1,111291,T,A,0,2913000000,1,0,18323,25687906,NGF1
1606348889152463640,1606348889152135201,0,1,111291,T,A,0,2914000000,1,0,18430,25687930,NGF1
1606348889909893646,1606348889909542955,0,1,111291,T,B,0,2914000000,1,0,17466,25687959,NGF1
1606348898283437073,1606348898282965429,0,1,111291,T,B,0,2915000000,1,0,23557,25688026,NGF1
1606348899151451424,1606348899151017733,0,1,111291,T,A,0,2914000000,3,0,25314,25688031,NGF1
1606348912706889340,1606348912706429801,0,1,111291,T,A,0,2914000000,3,0,23642,25688135,NGF1
1606348914153267375,1606348914152814463,0,1,111291,T,A,0,2914000000,1,128,20775,25688161,NGF1
1606348914153267375,1606348914152814463,0,1,111293,T,N,0,2898000000,1,0,20775,25688161,NGG1
1606348914153267375,1606348914152814463,0,1,15228,T,N,0,16000000,1,0,20775,25688161,NGF1-NGG1
1606348917123842277,1606348917123288371,0,1,15228,T,N,0,16000000,1,0,18612,25688300,NGF1-NGG1
1606348917123842277,1606348917123288371,0,1,111293,T,N,0,2897000000,1,0,18612,25688300,NGG1
1606348917123842277,1606348917123288371,0,1,111291,T,A,0,2913000000,1,0,18612,25688300,NGF1
1606348917123842277,1606348917123288371,0,1,111291,T,A,0,2912000000,1,0,18612,25688300,NGF1
1606348917123857573,1606348917123288371,0,1,111291,T,A,0,2912000000,3,0,17346,25688301,NGF1
1606348921501990535,1606348921501575835,0,1,111291,T,A,0,2912000000,1,0,22968,25688398,NGF1
1606348921712975645,1606348921712691181,0,1,111291,T,B,0,2912000000,3,0,18074,25688554,NGF1
1606348921713275953,1606348921712989643,0,1,111291,T,B,0,2912000000,1,0,18285,25688557,NGF1
1606348929153865034,1606348929153437175,0,1,111291,T,B,0,2914000000,1,0,24832,25688623,NGF1
1606348929154679917,1606348929153997749,0,1,111291,T,B,0,2914000000,1,0,17926,25688627,NGF1
1606348938612716528,1606348938612211331,0,1,111293,T,B,0,2899000000,1,0,18679,25688751,NGG1
1606348940295561294,1606348940295243539,0,1,111291,T,A,0,2914000000,2,0,18057,25688825,NGF1
1606348942622587437,1606348942622221179,0,1,111298,T,B,0,2679000000,1,0,24524,25688869,NGK1
1606348946963030974,1606348946962691673,0,1,111293,T,B,0,2898000000,2,0,17160,25688961,NGG1
1606348952712928495,1606348952712474569,0,1,111291,T,B,0,2915000000,2,0,24105,25689045,NGF1
1606348952712935587,1606348952712474569,0,1,111291,T,B,0,2915000000,1,0,17954,25689046,NGF1
1606348953610395977,1606348953610079565,0,1,111291,T,B,0,2915000000,1,0,29183,25689054,NGF1
1606348953973756659,1606348953973451703,0,1,111291,T,B,0,2915000000,8,0,23857,25689056,NGF1
1606348954163045490,1606348954162790217,0,1,111291,T,A,0,2915000000,3,0,20621,25689197,NGF1
1606348954902705476,1606348954902385465,0,1,111291,T,B,0,2916000000,1,0,17390,25689261,NGF1
1606348961583155227,1606348961582178339,0,1,111291,T,A,0,2916000000,4,0,24522,25689380,NGF1
1606348961583155227,1606348961582178339,0,1,111291,T,A,0,2915000000,3,0,24522,25689380,NGF1
1606348964157185633,1606348964156863623,0,1,111291,T,A,0,2913000000,1,0,18662,25689526,NGF1
1606348978772351420,1606348978771938137,0,1,111291,T,B,0,2916000000,3,0,18246,25689713,NGF1
1606348979779228678,1606348979778810225,0,1,111291,T,B,0,2916000000,11,0,23534,25689743,NGF1
1606348993312070298,1606348993311267309,0,1,111291,T,A,0,2915000000,2,0,21084,25689816,NGF1
1606349005482905334,1606349005482543871,0,1,111291,T,A,0,2915000000,2,0,19958,25689841,NGF1
1606349008385243091,1606349008384882495,0,1,111291,T,A,0,2915000000,1,0,24106,25689848,NGF1
1606349018488318224,1606349018487926327,0,1,111291,T,B,0,2917000000,1,0,17380,25689891,NGF1
1606349020456613530,1606349020456301435,0,1,111294,T,B,0,2828000000,1,0,18248,25689971,NGH1
1606349034061818524,1606349034061450421,0,1,111291,T,A,0,2917000000,1,0,18023,25690044,NGF1
1606349040203269561,1606349040202858449,0,1,111291,T,A,0,2917000000,1,0,26411,25690106,NGF1
1606349044163713987,1606349044163393251,0,1,111291,T,A,0,2916000000,1,0,18271,25690167,NGF1
1606349047768608621,1606349047768275655,0,1,111291,T,A,0,2916000000,4,0,27162,25690246,NGF1
1606349070396810923,1606349070396217577,0,1,111291,T,A,0,2915000000,1,0,23315,25690582,NGF1
1606349073298330645,1606349073297834485,0,1,111291,T,A,0,2916000000,1,128,24375,25690673,NGF1
1606349073298330645,1606349073297834485,0,1,111293,T,N,0,2900000000,1,0,24375,25690673,NGG1
1606349073298330645,1606349073297834485,0,1,15228,T,N,0,16000000,1,0,24375,25690673,NGF1-NGG1
1606349083395537328,1606349083395121463,0,1,111291,T,A,0,2914000000,1,0,17712,25690772,NGF1
1606349095581758252,1606349095579755895,0,1,111291,T,B,0,2917000000,5,0,39242,25690933,NGF1
1606349095581758252,1606349095579755895,0,1,111291,T,B,0,2918000000,2,0,39242,25690933,NGF1
1606349095581758252,1606349095579755895,0,1,111291,T,B,0,2919000000,2,0,39242,25690933,NGF1
1606349095581758252,1606349095579755895,0,1,111291,T,B,0,2920000000,7,0,39242,25690933,NGF1
1606349095581758252,1606349095579755895,0,1,111293,T,N,0,2903000000,1,0,39242,25690933,NGG1
1606349095581767344,1606349095579755895,0,1,111293,T,N,0,2904000000,1,0,22199,25690934,NGG1
1606349095581767344,1606349095579755895,0,1,111293,T,N,0,2905000000,1,0,22199,25690934,NGG1
1606349095581767344,1606349095579755895,0,1,111293,T,N,0,2906000000,1,0,22199,25690934,NGG1
1606349095581767344,1606349095579755895,0,1,111293,T,N,0,2907000000,2,0,22199,25690934,NGG1
1606349095581767344,1606349095579755895,0,1,111293,T,N,0,2908000000,1,0,22199,25690934,NGG1
1606349095581767344,1606349095579755895,0,1,111291,T,B,0,2921000000,8,0,22199,25690934,NGF1
1606349095581767344,1606349095579755895,0,1,111291,T,B,0,2922000000,8,0,22199,25690934,NGF1
1606349095581767344,1606349095579755895,0,1,111291,T,B,0,2923000000,9,0,22199,25690934,NGF1
1606349095581767344,1606349095579755895,0,1,111291,T,B,0,2924000000,5,0,22199,25690934,NGF1
1606349095581767344,1606349095579755895,0,1,111291,T,B,0,2925000000,11,0,22199,25690934,NGF1
1606349095581767344,1606349095579755895,0,1,111291,T,B,0,2926000000,9,0,22199,25690934,NGF1
1606349095581767344,1606349095579755895,0,1,111291,T,B,0,2927000000,3,0,22199,25690934,NGF1
1606349095581767344,1606349095579755895,0,1,15228,T,N,0,17000000,7,0,22199,25690934,NGF1-NGG1
1606349095581767344,1606349095579755895,0,1,111294,T,N,0,2829000000,1,0,22199,25690934,NGH1
1606349095581767344,1606349095579755895,0,1,111294,T,N,0,2830000000,1,0,22199,25690934,NGH1
1606349095581767344,1606349095579755895,0,1,111294,T,N,0,2832000000,2,0,22199,25690934,NGH1
1606349095581767344,1606349095579755895,0,1,111294,T,N,0,2833000000,1,0,22199,25690934,NGH1
1606349095581767344,1606349095579755895,0,1,111294,T,N,0,2834000000,1,0,22199,25690934,NGH1
1606349095581767344,1606349095579755895,0,1,111298,T,N,0,2681000000,1,0,22199,25690934,NGK1
1606349095581767344,1606349095579755895,0,1,111298,T,N,0,2682000000,1,0,22199,25690934,NGK1
1606349095581767344,1606349095579755895,0,1,111296,T,N,0,2701000000,2,0,22199,25690934,NGJ1
1606349095581767344,1606349095579755895,0,1,111296,T,N,0,2702000000,2,0,22199,25690934,NGJ1
1606349095581767344,1606349095579755895,0,1,111296,T,N,0,2703000000,2,0,22199,25690934,NGJ1
1606349095581767344,1606349095579755895,0,1,111296,T,N,0,2704000000,1,0,22199,25690934,NGJ1
1606349095581767344,1606349095579755895,0,1,111296,T,N,0,2705000000,2,0,22199,25690934,NGJ1
1606349095581767344,1606349095579755895,0,1,215879,T,N,0,91000000,4,0,22199,25690934,NGF1-NGH1
1606349095581767344,1606349095579755895,0,1,215879,T,N,0,92000000,2,0,22199,25690934,NGF1-NGH1
1606349095581767344,1606349095579755895,0,1,24441,T,N,0,219000000,2,0,22199,25690934,NGF1-NGJ1
1606349095581767344,1606349095579755895,0,1,24441,T,N,0,220000000,5,0,22199,25690934,NGF1-NGJ1
1606349095581767344,1606349095579755895,0,1,24441,T,N,0,221000000,2,0,22199,25690934,NGF1-NGJ1
1606349095581767344,1606349095579755895,0,1,204941,T,N,0,244000000,2,0,22199,25690934,NGF1-NGK1
1606349095582750815,1606349095579755895,0,1,111291,T,B,0,2927000000,1,0,19062,25690935,NGF1
1606349095582769526,1606349095579755895,0,1,111291,T,B,0,2927000000,2,0,20046,25690936,NGF1
1606349095582769526,1606349095579755895,0,1,111291,T,B,0,2927000000,1,0,20046,25690936,NGF1
1606349095582769526,1606349095579755895,0,1,111291,T,B,0,2927000000,1,0,20046,25690936,NGF1
1606349095582769526,1606349095579755895,0,1,111291,T,B,0,2928000000,1,0,20046,25690936,NGF1
1606349095582769526,1606349095579755895,0,1,24441,T,N,0,221000000,1,0,20046,25690936,NGF1-NGJ1
1606349095582769526,1606349095579755895,0,1,215879,T,N,0,92000000,1,0,20046,25690936,NGF1-NGH1
1606349095582769526,1606349095579755895,0,1,111296,T,N,0,2706000000,1,0,20046,25690936,NGJ1
1606349095582769526,1606349095579755895,0,1,111294,T,N,0,2835000000,1,0,20046,25690936,NGH1
1606349095582769526,1606349095579755895,0,1,15228,T,N,0,17000000,1,0,20046,25690936,NGF1-NGG1
1606349095582769526,1606349095579755895,0,1,111293,T,N,0,2910000000,1,0,20046,25690936,NGG1
1606349095585260830,1606349095581777475,0,1,15228,T,B,0,17000000,2,0,17910,25691003,NGF1-NGG1
1606349095589300114,1606349095583168871,0,1,24441,T,B,0,222000000,1,0,17224,25691107,NGF1-NGJ1
1606349095589327430,1606349095583182007,0,1,204979,T,B,0,19000000,1,0,17582,25691109,NGJ1-NGK1
1606349095590654792,1606349095584120051,0,1,204979,T,B,0,19000000,1,0,24898,25691167,NGJ1-NGK1
1606349095595350363,1606349095589520991,0,1,15228,T,A,0,17000000,1,0,24953,25691305,NGF1-NGG1
1606349095596594472,1606349095590341695,0,1,15228,T,A,0,17000000,1,0,16865,25691333,NGF1-NGG1
1606349095599224448,1606349095591507435,0,1,24512,T,B,0,129000000,1,0,17333,25691387,NGH1-NGJ1
1606349095600249541,1606349095593239733,0,1,204979,T,B,0,19000000,6,0,17876,25691421,NGJ1-NGK1
1606349095601326651,1606349095594391741,0,1,15228,T,A,0,17000000,2,0,18056,25691450,NGF1-NGG1
1606349095602334622,1606349095595365449,0,1,15228,T,A,0,17000000,1,0,17892,25691483,NGF1-NGG1
1606349095604584353,1606349095600471645,0,1,15228,T,B,0,17000000,1,0,18329,25691557,NGF1-NGG1
1606349095642641254,1606349095642367587,0,1,111291,T,B,0,2925000000,1,0,18135,25691749,NGF1
1606349095685072477,1606349095684418507,0,1,111291,T,B,0,2924000000,2,0,19097,25691793,NGF1
1606349095685777952,1606349095685079999,0,1,111291,T,B,0,2924000000,1,0,22086,25691812,NGF1
1606349095687182837,1606349095686942093,0,1,111291,T,B,0,2924000000,2,0,18366,25691843,NGF1
1606349095687291113,1606349095686944589,0,1,111291,T,A,0,2923000000,1,0,18342,25691847,NGF1
1606349095688303279,1606349095687984593,0,1,111291,T,B,0,2923000000,1,0,16520,25691859,NGF1
1606349095688978038,1606349095688339733,0,1,111291,T,B,0,2924000000,2,0,18410,25691875,NGF1
1606349095689742168,1606349095689236679,0,1,111291,T,B,0,2924000000,1,0,22976,25691893,NGF1
1606349095690006288,1606349095689757199,0,1,111291,T,B,0,2924000000,1,0,19206,25691899,NGF1
1606349095690567095,1606349095690005579,0,1,111291,T,B,0,2924000000,1,0,22272,25691911,NGF1
1606349096403063515,1606349096402812593,0,1,111291,T,A,0,2921000000,1,0,17745,25692277,NGF1
1606349099329357319,1606349099328930899,0,1,111291,T,B,0,2922000000,1,0,18531,25693112,NGF1
1606349103406482417,1606349103406014613,0,1,111291,T,B,0,2922000000,1,0,17946,25695085,NGF1
1606349103411883495,1606349103411517061,0,1,111291,T,B,0,2923000000,1,0,17941,25695153,NGF1
1606349103412291038,1606349103411926099,0,1,111291,T,B,0,2923000000,1,0,20367,25695166,NGF1
1606349103412605442,1606349103412122489,0,1,24512,T,N,0,131000000,1,0,23966,25695174,NGH1-NGJ1
1606349103412605442,1606349103412122489,0,1,111294,T,B,0,2834000000,1,128,23966,25695174,NGH1
1606349103412605442,1606349103412122489,0,1,111296,T,N,0,2703000000,1,0,23966,25695174,NGJ1
1606349109168073576,1606349109167619399,0,1,111291,T,A,0,2922000000,3,0,26686,25697301,NGF1
1606349109411025943,1606349109410761341,0,1,111291,T,A,0,2920000000,1,0,17581,25697418,NGF1
1606349110321951312,1606349110321680799,0,1,111291,T,B,0,2922000000,1,0,17848,25697629,NGF1
1606349116484923108,1606349116484505645,0,1,111291,T,A,0,2921000000,1,0,17907,25699105,NGF1
1606349116694851450,1606349116694596737,0,1,111291,T,A,0,2920000000,1,0,17520,25699163,NGF1
1606349123488406272,1606349123487995609,0,1,111291,T,A,0,2920000000,1,0,17975,25700857,NGF1
1606349132448767551,1606349132447525769,0,1,111291,T,A,0,2919000000,1,0,22944,25703096,NGF1
1606349132471431485,1606349132471157723,0,1,111291,T,B,0,2921000000,1,0,18271,25703147,NGF1
1606349132514315360,1606349132510447421,0,1,111291,T,A,0,2919000000,1,0,18605,25703224,NGF1
1606349135219189969,1606349135218854449,0,1,111291,T,A,0,2919000000,1,0,19384,25703872,NGF1
1606349138674173653,1606349138673626281,0,1,111291,T,A,0,2919000000,1,0,18993,25704929,NGF1
1606349138674173653,1606349138673626281,0,1,111291,T,A,0,2918000000,3,0,18993,25704929,NGF1
1606349138674173653,1606349138673626281,0,1,15228,T,N,0,16000000,2,0,18993,25704929,NGF1-NGG1
1606349138674173653,1606349138673626281,0,1,111293,T,N,0,2902000000,2,0,18993,25704929,NGG1
1606349138679691139,1606349138674419091,0,1,111291,T,B,0,2918000000,2,0,16723,25704958,NGF1
1606349148231504659,1606349148231117957,0,1,111291,T,A,0,2919000000,1,0,24074,25705274,NGF1
1606349152144646208,1606349152144210153,0,1,111298,T,B,0,2681000000,1,0,27889,25705299,NGK1
1606349161238778614,1606349161238268517,0,1,111291,T,A,0,2918000000,1,0,23466,25705315,NGF1
1606349161634754256,1606349161634030283,0,1,111291,T,A,0,2918000000,1,0,22922,25705335,NGF1
1606349163389616622,1606349163389203243,0,1,111291,T,A,0,2918000000,1,0,23207,25705415,NGF1
1606349213302929596,1606349213302419171,0,1,111291,T,A,0,2917000000,3,0,17982,25705560,NGF1
1606349223758527708,1606349223757999189,0,1,111291,T,A,0,2915000000,1,0,22598,25705711,NGF1
1606349226311888105,1606349226311454639,0,1,24441,T,B,0,219000000,1,0,18204,25705736,NGF1-NGJ1
1606349254176090573,1606349254175070315,0,1,24441,T,N,0,219000000,1,0,26978,25705825,NGF1-NGJ1
1606349254176090573,1606349254175070315,0,1,111291,T,A,0,2915000000,2,0,26978,25705825,NGF1
1606349254176090573,1606349254175070315,0,1,111296,T,N,0,2696000000,1,0,26978,25705825,NGJ1
1606349254176103770,1606349254175070315,0,1,111296,T,A,0,2695000000,1,0,19156,25705826,NGJ1
1606349254176103770,1606349254175070315,0,1,111294,T,N,0,2825000000,1,0,19156,25705826,NGH1
1606349254176103770,1606349254175070315,0,1,24512,T,N,0,130000000,1,0,19156,25705826,NGH1-NGJ1
1606349271102838208,1606349271102446287,0,1,111291,T,B,0,2918000000,3,0,17892,25706044,NGF1
1606349271107240392,1606349271102943383,0,1,111291,T,B,0,2918000000,1,0,17629,25706053,NGF1
1606349277660523237,1606349277660049171,0,1,111291,T,B,0,2918000000,1,0,25392,25706085,NGF1
1606349285772289373,1606349285771840841,0,1,111291,T,B,0,2918000000,1,0,17749,25706215,NGF1
1606349311188367258,1606349311187717169,0,1,111291,T,A,0,2916000000,1,0,24854,25706280,NGF1
1606349315880965593,1606349315880624973,0,1,111291,T,A,0,2917000000,1,0,26178,25706346,NGF1
1606349322107311671,1606349322106943003,0,1,111291,T,B,0,2917000000,1,0,18679,25706411,NGF1
1606349322108480433,1606349322108185761,0,1,111291,T,B,0,2917000000,1,0,18301,25706416,NGF1
1606349322108767744,1606349322108493291,0,1,111291,T,B,0,2917000000,1,0,17852,25706418,NGF1
1606349335825212444,1606349335824811727,0,1,111291,T,A,0,2917000000,1,0,25541,25706467,NGF1
1606349345382902078,1606349345382260651,0,1,111296,T,B,0,2698000000,1,0,30074,25706511,NGJ1
1606349351240816537,1606349351240309209,0,1,111291,T,A,0,2916000000,1,0,26114,25706580,NGF1
1606349353669973523,1606349353669546985,0,1,111291,T,A,0,2916000000,1,0,32528,25706588,NGF1
1606349364563455207,1606349364562596321,0,1,111291,T,B,0,2918000000,1,0,17582,25706684,NGF1
1606349369177680013,1606349369177276223,0,1,111291,T,B,0,2918000000,1,0,17983,25706744,NGF1
1606349370356998808,1606349370356707915,0,1,111291,T,B,0,2918000000,1,0,18367,25706810,NGF1
1606349374566418829,1606349374565976887,0,1,111291,T,A,0,2918000000,2,0,28663,25706859,NGF1
1606349374576733486,1606349374574813127,0,1,111291,T,B,0,2918000000,1,0,22430,25706889,NGF1
1606349382972513756,1606349382972077801,0,1,111291,T,B,0,2919000000,3,0,23628,25706965,NGF1
1606349382975156547,1606349382974895857,0,1,111291,T,A,0,2919000000,1,0,17493,25707024,NGF1
1606349382977961145,1606349382977711997,0,1,111291,T,A,0,2919000000,2,0,18785,25707044,NGF1
1606349384955736212,1606349384955244937,0,1,111291,T,A,0,2917000000,3,0,23519,25707118,NGF1
1606349392708248078,1606349392707843565,0,1,111291,T,B,0,2919000000,1,0,23528,25707175,NGF1
1606349393781722205,1606349393781419121,0,1,111291,T,B,0,2919000000,1,0,18185,25707190,NGF1
1606349395030019179,1606349395029740423,0,1,111291,T,A,0,2918000000,1,0,20845,25707233,NGF1
1606349404834033106,1606349404833546169,0,1,111291,T,A,0,2919000000,1,0,17909,25707274,NGF1
1606349409191001266,1606349409190536663,0,1,111291,T,A,0,2918000000,1,0,29746,25707280,NGF1
1606349419187855290,1606349419187355749,0,1,111291,T,A,0,2918000000,1,0,24597,25707298,NGF1
1606349450718831996,1606349450718248845,0,1,111291,T,A,0,2918000000,1,0,25497,25707353,NGF1
1606349458869041369,1606349458867742725,0,1,111293,T,B,0,2903000000,1,0,18572,25707375,NGG1
1606349458869864711,1606349458869059599,0,1,111293,T,B,0,2903000000,1,0,17533,25707383,NGG1
1606349462867427415,1606349462866985879,0,1,111291,T,A,0,2918000000,2,0,18688,25707438,NGF1
1606349468581733938,1606349468581361719,0,1,111291,T,A,0,2918000000,3,0,26903,25707462,NGF1
1606349473487752090,1606349473487373569,0,1,111291,T,A,0,2918000000,1,0,28408,25707514,NGF1
1606349491807448241,1606349491806923889,0,1,111291,T,B,0,2919000000,1,0,19977,25707543,NGF1
1606349554203806642,1606349554203271881,0,1,111291,T,B,0,2919000000,1,0,29004,25707675,NGF1
1606349555780197256,1606349555779848471,0,1,111291,T,B,0,2919000000,1,0,18708,25707689,NGF1
1606349608791925143,1606349608791423291,0,1,111291,T,A,0,2918000000,1,0,18442,25707763,NGF1
1606349609202565415,1606349609202139653,0,1,111291,T,A,0,2917000000,1,0,25405,25707771,NGF1
1606349610355664439,1606349610355322897,0,1,111291,T,B,0,2919000000,1,0,23203,25707796,NGF1
1606349630439453350,1606349630438955783,0,1,111296,T,A,0,2698000000,1,0,24898,25707834,NGJ1
1606349632986875028,1606349632986497111,0,1,111296,T,A,0,2698000000,5,0,23611,25707847,NGJ1
1606349640126083286,1606349640125061169,0,1,111291,T,B,0,2919000000,1,0,25504,25707870,NGF1
1606349640126083286,1606349640125061169,0,1,111291,T,B,0,2920000000,5,0,25504,25707870,NGF1
1606349640126083286,1606349640125061169,0,1,111291,T,B,0,2921000000,3,0,25504,25707870,NGF1
1606349640126083286,1606349640125061169,0,1,111293,T,N,0,2903000000,1,0,25504,25707870,NGG1
1606349640126083286,1606349640125061169,0,1,15228,T,N,0,17000000,1,0,25504,25707870,NGF1-NGG1
1606349640127152900,1606349640126081995,0,1,111296,T,N,0,2699000000,1,0,17147,25707889,NGJ1
1606349640127152900,1606349640126081995,0,1,24512,T,N,0,131000000,1,0,17147,25707889,NGH1-NGJ1
1606349640127152900,1606349640126081995,0,1,111294,T,B,0,2830000000,1,128,17147,25707889,NGH1
1606349640130386034,1606349640129731209,0,1,111291,T,B,0,2920000000,1,0,22822,25707966,NGF1
1606349640209069537,1606349640208793499,0,1,111291,T,B,0,2922000000,1,0,17712,25708015,NGF1
1606349646454383260,1606349646453933657,0,1,111291,T,A,0,2919000000,3,0,28692,25708127,NGF1
1606349664724372171,1606349664723823071,0,1,111291,T,B,0,2919000000,4,0,33564,25708196,NGF1
1606349675915314125,1606349675914749645,0,1,111291,T,A,0,2918000000,3,0,27975,25708228,NGF1
1606349709212305875,1606349709211661845,0,1,111291,T,B,0,2921000000,3,0,28164,25708386,NGF1
1606349709698527795,1606349709698231071,0,1,111293,T,A,0,2903000000,1,0,17882,25708507,NGG1
1606349710772477593,1606349710772083915,0,1,111291,T,B,0,2921000000,3,0,21733,25708544,NGF1
1606349710772477593,1606349710772083915,0,1,111291,T,B,0,2922000000,1,0,21733,25708544,NGF1
1606349758214305503,1606349758213656903,0,1,111291,T,B,0,2921000000,1,0,34576,25708603,NGF1
1606349775856824577,1606349775856103905,0,1,111291,T,A,0,2919000000,2,0,40801,25708615,NGF1
1606349775856839865,1606349775856103905,0,1,111291,T,A,0,2919000000,1,0,19412,25708616,NGF1
1606349839658484723,1606349839657477193,0,1,111291,T,B,0,2921000000,4,0,29212,25708685,NGF1
1606349839658484723,1606349839657477193,0,1,111291,T,B,0,2922000000,6,0,29212,25708685,NGF1
1606349839658484723,1606349839657477193,0,1,111291,T,B,0,2923000000,1,0,29212,25708685,NGF1
1606349839658484723,1606349839657477193,0,1,111293,T,N,0,2905000000,1,0,29212,25708685,NGG1
1606349839658484723,1606349839657477193,0,1,15228,T,N,0,17000000,1,0,29212,25708685,NGF1-NGG1
1606349839823779311,1606349839823461465,0,1,111291,T,B,0,2924000000,3,0,18430,25708776,NGF1
1606349839826813329,1606349839826562829,0,1,111291,T,B,0,2923000000,1,0,17554,25708798,NGF1
1606349839831742340,1606349839831510469,0,1,111291,T,B,0,2923000000,1,0,18392,25708800,NGF1
1606349858595878345,1606349858594431161,0,1,111291,T,A,0,2920000000,1,0,31641,25708865,NGF1
1606349861101101992,1606349861100757673,0,1,111291,T,A,0,2920000000,1,0,20759,25708888,NGF1
1606349864225323781,1606349864224763803,0,1,111291,T,B,0,2922000000,3,0,24436,25708900,NGF1
1606349880389728755,1606349880389220103,0,1,111291,T,A,0,2921000000,1,0,20179,25709017,NGF1
1606349889553403807,1606349889552878947,0,1,111291,T,A,0,2921000000,1,0,25418,25709042,NGF1
1606349889553403807,1606349889552878947,0,1,111291,T,A,0,2920000000,3,0,25418,25709042,NGF1
1606349914231332069,1606349914230840407,0,1,111291,T,B,0,2920000000,2,0,19513,25709152,NGF1
1606349915897508475,1606349915897088327,0,1,111291,T,B,0,2920000000,2,0,28894,25709156,NGF1
1606349970895067064,1606349970894515031,0,1,111291,T,B,0,2921000000,1,0,23754,25709411,NGF1
1606349998416189521,1606349998415690131,0,1,111291,T,A,0,2921000000,3,0,28752,25709559,NGF1
1606349998416887188,1606349998416600131,0,1,111291,T,A,0,2921000000,4,0,18806,25709565,NGF1
1606349998416952844,1606349998416698419,0,1,111291,T,A,0,2921000000,1,0,16658,25709567,NGF1
1606349998417221055,1606349998416957893,0,1,111291,T,A,0,2921000000,2,0,17615,25709569,NGF1
1606350000537920465,1606350000536539621,0,1,111291,T,A,0,2921000000,2,0,20569,25709588,NGF1
1606350029595200988,1606350029594683357,0,1,111291,T,B,0,2921000000,1,0,26041,25709758,NGF1
1606350039233993156,1606350039233490079,0,1,111291,T,B,0,2922000000,3,0,25406,25709868,NGF1
1606350040373695702,1606350040373437009,0,1,111291,T,A,0,2921000000,1,0,18052,25709891,NGF1
1606350086880807729,1606350086880273759,0,1,111291,T,B,0,2922000000,1,0,29467,25709959,NGF1
1606350088404814514,1606350088404272527,0,1,111291,T,B,0,2922000000,1,0,23471,25709966,NGF1
1606350113296796205,1606350113296404191,0,1,111291,T,A,0,2921000000,1,0,20775,25710017,NGF1
1606350161889819120,1606350161889199405,0,1,111291,T,B,0,2922000000,2,0,24721,25710105,NGF1
1606350194250813101,1606350194250182233,0,1,111291,T,B,0,2923000000,5,0,33111,25710221,NGF1
1606350194253794772,1606350194253527329,0,1,111291,T,B,0,2923000000,1,0,19032,25710282,NGF1
1606350220881057336,1606350220880419247,0,1,15228,T,B,0,18000000,5,0,24715,25710413,NGF1-NGG1
1606350228502545828,1606350228502095505,0,1,111291,T,A,0,2924000000,1,0,18263,25710546,NGF1
1606350228504007873,1606350228503754459,0,1,111291,T,A,0,2924000000,1,0,18001,25710559,NGF1
1606350228504704960,1606350228504451863,0,1,111291,T,B,0,2924000000,1,0,17549,25710567,NGF1
1606350230146290065,1606350230145986625,0,1,111291,T,B,0,2924000000,1,0,17656,25710646,NGF1
1606350233376235014,1606350233375754409,0,1,15228,T,B,0,18000000,3,0,27099,25710676,NGF1-NGG1
1606350236237547754,1606350236237166963,0,1,111291,T,A,0,2923000000,1,0,25590,25710750,NGF1
1606350236471759394,1606350236471499399,0,1,111291,T,A,0,2923000000,1,0,17739,25710778,NGF1
1606350266592361799,1606350266591839581,0,1,111291,T,B,0,2924000000,2,0,26183,25710881,NGF1
1606350267400863054,1606350267400530025,0,1,111291,T,A,0,2924000000,1,0,20177,25710919,NGF1
1606350277003110532,1606350277002612107,0,1,111291,T,B,0,2925000000,1,0,17926,25710938,NGF1
1606350277003378480,1606350277003119751,0,1,111291,T,B,0,2925000000,1,0,17575,25710940,NGF1
1606350277003774191,1606350277003210955,0,1,111291,T,B,0,2925000000,1,0,19667,25710946,NGF1
1606350277009084553,1606350277008830793,0,1,111291,T,B,0,2925000000,1,0,18410,25710989,NGF1
1606350280066312417,1606350280065762735,0,1,111291,T,B,0,2925000000,2,0,36416,25711028,NGF1
1606350280066312417,1606350280065762735,0,1,111291,T,B,0,2926000000,4,0,36416,25711028,NGF1
1606350283147699844,1606350283147325433,0,1,111291,T,B,0,2926000000,2,0,18184,25711300,NGF1
1606350283150038283,1606350283149762019,0,1,111291,T,A,0,2926000000,1,0,17748,25711339,NGF1
1606350284024710084,1606350284024448909,0,1,111291,T,B,0,2926000000,1,0,18116,25711417,NGF1
1606350286201452775,1606350286200665623,0,1,111291,T,A,0,2926000000,2,0,20502,25711503,NGF1
1606350291075955728,1606350291075228221,0,1,111291,T,A,0,2926000000,1,0,17583,25711585,NGF1
1606350300088592979,1606350300087912231,0,1,111291,T,B,0,2926000000,4,0,25699,25711747,NGF1
1606350300456973393,1606350300456652999,0,1,111291,T,A,0,2925000000,3,0,18204,25711819,NGF1
1606350311049859111,1606350311049307905,0,1,215880,T,B,0,74000000,1,0,25268,25711908,NGG1-NGH1
1606350318797525256,1606350318797071137,0,1,111291,T,B,0,2926000000,2,0,24966,25712006,NGF1
1606350322403795524,1606350322403256387,0,1,215880,T,A,0,74000000,3,0,18018,25712173,NGG1-NGH1
1606350328438879746,1606350328438471123,0,1,111291,T,B,0,2926000000,1,0,23381,25712287,NGF1
1606350328683112156,1606350328682831667,0,1,111291,T,B,0,2927000000,2,0,18216,25712391,NGF1
1606350332397622822,1606350332397141329,0,1,111291,T,A,0,2926000000,1,0,20606,25712492,NGF1
1606350335379258430,1606350335378852993,0,1,215880,T,B,0,74000000,2,0,23136,25712529,NGG1-NGH1
1606350338265016971,1606350338264641791,0,1,215880,T,B,0,74000000,2,0,22342,25712573,NGG1-NGH1
1606350343006280198,1606350343005911619,0,1,111291,T,B,0,2927000000,1,0,21202,25712637,NGF1
1606350344264505986,1606350344264156469,0,1,111291,T,B,0,2927000000,1,0,24950,25712667,NGF1
1606350355689828343,1606350355689353779,0,1,111291,T,B,0,2928000000,1,0,25400,25712698,NGF1
1606350355689837515,1606350355689353779,0,1,111291,T,B,0,2928000000,2,0,19531,25712699,NGF1
1606350405862264085,1606350405861672119,0,1,111291,T,A,0,2927000000,1,0,27355,25712892,NGF1
1606350405862944623,1606350405862409703,0,1,111291,T,A,0,2927000000,1,0,17867,25712902,NGF1
1606350409271330794,1606350409271005497,0,1,111291,T,B,0,2928000000,2,0,20949,25712959,NGF1
1606350441542082941,1606350441541513637,0,1,111291,T,B,0,2927000000,1,0,28125,25713045,NGF1
1606350496201369112,1606350496200778835,0,1,111291,T,A,0,2926000000,1,0,33760,25713081,NGF1
1606350514869450923,1606350514868869603,0,1,111291,T,B,0,2926000000,1,0,29880,25713320,NGF1
1606350516914586735,1606350516914293007,0,1,111291,T,B,0,2926000000,1,0,17894,25713328,NGF1
1606350528138405728,1606350528137915179,0,1,111291,T,B,0,2926000000,3,0,27266,25713335,NGF1
1606350534370681359,1606350534370249517,0,1,111291,T,A,0,2925000000,4,0,21472,25713422,NGF1
1606350587880294691,1606350587879826843,0,1,111291,T,B,0,2926000000,1,0,24067,25713653,NGF1
1606350623511612165,1606350623511082009,0,1,111291,T,B,0,2927000000,1,0,17729,25713773,NGF1
1606350623519428718,1606350623511693395,0,1,111291,T,B,0,2927000000,1,0,17863,25713783,NGF1
1606350626419717149,1606350626419290409,0,1,111291,T,A,0,2927000000,3,0,22082,25713919,NGF1
1606350632866871493,1606350632866469265,0,1,62831,T,A,0,-53000000,2,0,21212,25713960,NGM1-NGN1
1606350642108228892,1606350642107833407,0,1,111291,T,B,0,2928000000,1,0,26964,25713986,NGF1
1606350658384093611,1606350658383563787,0,1,111291,T,B,0,2928000000,1,0,33714,25714000,NGF1
1606350670663107008,1606350670662672073,0,1,111291,T,B,0,2928000000,4,0,18186,25714027,NGF1
1606350688671344010,1606350688670771583,0,1,111291,T,B,0,2929000000,1,0,30057,25714134,NGF1
1606350688679375851,1606350688671349027,0,1,111291,T,B,0,2929000000,2,0,18479,25714136,NGF1
1606350692212565275,1606350692212173529,0,1,111291,T,A,0,2928000000,3,0,20467,25714356,NGF1
1606350694242669484,1606350694242258615,0,1,111291,T,A,0,2928000000,1,0,30641,25714394,NGF1
1606350694243927406,1606350694242796287,0,1,111291,T,A,0,2928000000,1,0,17467,25714397,NGF1
1606350703028375467,1606350703027158537,0,1,111291,T,A,0,2927000000,1,0,18162,25714450,NGF1
1606350761982891783,1606350761982500031,0,1,111291,T,B,0,2928000000,2,0,17832,25714557,NGF1
1606350806195083887,1606350806194551035,0,1,111291,T,B,0,2927000000,1,0,27185,25714592,NGF1
1606350868845843544,1606350868845150039,0,1,111291,T,A,0,2926000000,1,0,28132,25714630,NGF1
1606350900408693302,1606350900408083447,0,1,111291,T,A,0,2926000000,1,0,20652,25714652,NGF1
1606350912895517505,1606350912895076423,0,1,111291,T,A,0,2926000000,1,0,20811,25714766,NGF1
1606350918429067230,1606350918428522021,0,1,111291,T,B,0,2927000000,3,0,21395,25714778,NGF1
1606351004441647947,1606351004440120049,0,1,111291,T,A,0,2926000000,1,0,20983,25714945,NGF1
1606351046248003142,1606351046247457549,0,1,111294,T,B,0,2836000000,1,0,21104,25715119,NGH1
1606351046248003142,1606351046247457549,0,1,24512,T,N,0,132000000,1,0,21104,25715119,NGH1-NGJ1
1606351046248003142,1606351046247457549,0,1,111296,T,N,0,2704000000,1,0,21104,25715119,NGJ1
1606351046256747298,1606351046248343199,0,1,111294,T,A,0,2836000000,1,0,19732,25715137,NGH1
1606351063592065656,1606351063591593511,0,1,111291,T,B,0,2926000000,1,0,18565,25715327,NGF1
1606351069068345948,1606351069067917175,0,1,111294,T,B,0,2837000000,1,0,20463,25715380,NGH1
1606351069073426630,1606351069071903199,0,1,111294,T,B,0,2838000000,3,0,18819,25715463,NGH1
1606351069073426630,1606351069071903199,0,1,111291,T,N,0,2927000000,1,0,18819,25715463,NGF1
1606351069073426630,1606351069071903199,0,1,111296,T,N,0,2705000000,2,0,18819,25715463,NGJ1
1606351069073426630,1606351069071903199,0,1,24512,T,N,0,133000000,2,0,18819,25715463,NGH1-NGJ1
1606351069073426630,1606351069071903199,0,1,215879,T,N,0,89000000,1,0,18819,25715463,NGF1-NGH1
1606351069074946659,1606351069073532029,0,1,111294,T,A,0,2838000000,4,0,17412,25715498,NGH1
1606351117079747664,1606351117078785479,0,1,111291,T,B,0,2928000000,1,0,28933,25715741,NGF1
1606351118102110706,1606351118101708509,0,1,111291,T,A,0,2927000000,1,0,27461,25715778,NGF1
1606351255027405497,1606351255026880025,0,1,111291,T,B,0,2928000000,1,0,29107,25715937,NGF1
1606351279747044594,1606351279746484407,0,1,111291,T,B,0,2929000000,1,0,25520,25715969,NGF1
1606351288341405644,1606351288340942613,0,1,111291,T,A,0,2927000000,1,0,30354,25715998,NGF1
1606351336552354428,1606351336549093663,0,1,62831,T,A,0,-53000000,5,0,26214,25716093,NGM1-NGN1
1606351336552354428,1606351336549093663,0,1,15052,T,N,0,-19000000,2,0,26214,25716093,NGN1-NGQ1
1606351336552354428,1606351336549093663,0,1,91692,T,N,0,-34000000,2,0,26214,25716093,NG:BF M1-N1-Q1
1606351339529954406,1606351339529370659,0,1,111291,T,B,0,2929000000,1,0,32769,25716243,NGF1
1606351348281412999,1606351348281030677,0,1,111291,T,B,0,2928000000,1,0,25684,25716300,NGF1
1606351361044550171,1606351361044153177,0,1,111291,T,A,0,2927000000,1,0,17259,25716335,NGF1
1606351368900603974,1606351368899962061,0,1,111291,T,B,0,2928000000,1,0,23538,25716488,NGF1
1606351467272230129,1606351467271791391,0,1,111291,T,B,0,2928000000,1,0,17730,25716571,NGF1
1606351473495350101,1606351473494924605,0,1,111291,T,A,0,2928000000,1,0,17948,25716614,NGF1
1606351486818164866,1606351486816945277,0,1,111291,T,A,0,2928000000,1,0,26656,25716625,NGF1
1606351486818164866,1606351486816945277,0,1,111291,T,A,0,2927000000,6,0,26656,25716625,NGF1
1606351486818164866,1606351486816945277,0,1,111291,T,A,0,2926000000,4,0,26656,25716625,NGF1
1606351486818164866,1606351486816945277,0,1,15228,T,N,0,17000000,1,0,26656,25716625,NGF1-NGG1
1606351486818164866,1606351486816945277,0,1,111293,T,N,0,2909000000,1,0,26656,25716625,NGG1
1606351486821521451,1606351486820172713,0,1,111291,T,B,0,2926000000,4,0,17704,25716698,NGF1
1606351496058141257,1606351496057766617,0,1,111291,T,B,0,2927000000,1,0,17643,25716975,NGF1
1606351539736548792,1606351539735935211,0,1,111291,T,A,0,2926000000,1,0,28231,25717109,NGF1
1606351621394916040,1606351621394376755,0,1,111291,T,B,0,2928000000,1,0,17520,25717258,NGF1
1606351621396825924,1606351621394973457,0,1,111291,T,B,0,2928000000,1,0,19012,25717279,NGF1
1606351621398784425,1606351621397619947,0,1,204979,T,B,0,19000000,2,0,17702,25717352,NGJ1-NGK1
1606351634436661721,1606351634436057299,0,1,111291,T,A,0,2927000000,1,0,32298,25717448,NGF1
1606351639589597727,1606351639589113347,0,1,111291,T,B,0,2929000000,1,0,26387,25717484,NGF1
1606351674389433002,1606351674388956151,0,1,111291,T,B,0,2928000000,1,0,26618,25717612,NGF1
1606351679123403762,1606351679122028455,0,1,111291,T,A,0,2927000000,2,0,26381,25717623,NGF1
1606351682314148443,1606351682313713357,0,1,111291,T,B,0,2928000000,1,0,21817,25717707,NGF1
1606351697655005560,1606351697654322393,0,1,111291,T,B,0,2928000000,1,0,39728,25717809,NGF1
1606351719014126827,1606351719013484359,0,1,111291,T,B,0,2929000000,1,0,38071,25717840,NGF1
1606351748463781717,1606351748463287115,0,1,111291,T,B,0,2929000000,1,0,33009,25717867,NGF1
1606351766878124306,1606351766877532259,0,1,111294,T,B,0,2836000000,1,0,17460,25717875,NGH1
1606351791654868991,1606351791653388851,0,1,111291,T,A,0,2927000000,1,0,22795,25717943,NGF1
1606351917711882857,1606351917711275525,0,1,111291,T,B,0,2929000000,1,0,30374,25718099,NGF1
1606351974289155531,1606351974288394257,0,1,111291,T,N,0,2928000000,1,0,27099,25719119,NGF1
1606351974289155531,1606351974288394257,0,1,111293,T,B,0,2911000000,1,128,27099,25719119,NGG1
1606351974289155531,1606351974288394257,0,1,15228,T,N,0,17000000,1,0,27099,25719119,NGF1-NGG1
1606351982927822021,1606351982927115559,0,1,111291,T,B,0,2929000000,4,0,31946,25719225,NGF1
1606352029366955976,1606352029365258083,0,1,111291,T,N,0,2930000000,2,0,37966,25719392,NGF1
1606352029366955976,1606352029365258083,0,1,15228,T,B,0,18000000,30,0,37966,25719392,NGF1-NGG1
1606352029366955976,1606352029365258083,0,1,15228,T,B,0,19000000,46,0,37966,25719392,NGF1-NGG1
1606352029366955976,1606352029365258083,0,1,15228,T,B,0,20000000,54,0,37966,25719392,NGF1-NGG1
1606352029366955976,1606352029365258083,0,1,111293,T,N,0,2910000000,2,0,37966,25719392,NGG1
1606352029368643953,1606352029367007777,0,1,24441,T,B,0,226000000,1,0,18179,25719420,NGF1-NGJ1
1606352029369395455,1606352029367251821,0,1,15228,T,B,0,21000000,11,0,18307,25719447,NGF1-NGG1
1606352029370103766,1606352029368036561,0,1,15228,T,A,0,21000000,1,0,18332,25719470,NGF1-NGG1
1606352029370673401,1606352029369020425,0,1,15228,T,N,0,21000000,1,0,17807,25719486,NGF1-NGG1
1606352029370673401,1606352029369020425,0,1,111293,T,B,0,2909000000,1,128,17807,25719486,NGG1
1606352029370673401,1606352029369020425,0,1,111291,T,N,0,2930000000,1,0,17807,25719486,NGF1
1606352029372449373,1606352029371962249,0,1,111291,T,N,0,2931000000,1,0,18223,25719560,NGF1
1606352029372449373,1606352029371962249,0,1,111293,T,N,0,2909000000,1,0,18223,25719560,NGG1
1606352029372449373,1606352029371962249,0,1,15228,T,B,0,22000000,1,128,18223,25719560,NGF1-NGG1
1606352029374004666,1606352029373412811,0,1,15228,T,B,0,22000000,5,0,19261,25719584,NGF1-NGG1
1606352029374004666,1606352029373412811,0,1,15228,T,B,0,23000000,13,0,19261,25719584,NGF1-NGG1
1606352029375098956,1606352029374746173,0,1,15228,T,N,0,22000000,1,0,17847,25719619,NGF1-NGG1
1606352029375098956,1606352029374746173,0,1,111293,T,B,0,2909000000,1,128,17847,25719619,NGG1
1606352029375098956,1606352029374746173,0,1,111291,T,N,0,2931000000,1,0,17847,25719619,NGF1
1606352029375299080,1606352029374946811,0,1,15228,T,A,0,22000000,5,0,18738,25719625,NGF1-NGG1
1606352029382240482,1606352029381920435,0,1,15228,T,A,0,22000000,5,0,17561,25719645,NGF1-NGG1
1606352029382572498,1606352029382270843,0,1,15228,T,A,0,22000000,8,0,17508,25719649,NGF1-NGG1
1606352047000875595,1606352047000387899,0,1,111291,T,A,0,2930000000,1,0,20302,25719915,NGF1
1606352047004666316,1606352047000979141,0,1,111291,T,A,0,2929000000,4,0,17895,25719932,NGF1
1606352047004666316,1606352047000979141,0,1,15228,T,N,0,21000000,1,0,17895,25719932,NGF1-NGG1
1606352047004666316,1606352047000979141,0,1,111293,T,N,0,2908000000,1,0,17895,25719932,NGG1
1606352047009266699,1606352047008471585,0,1,215879,T,B,0,93000000,1,0,17761,25720036,NGF1-NGH1
1606352049568403435,1606352049568024739,0,1,111291,T,B,0,2930000000,1,0,26064,25720091,NGF1
1606352049694706135,1606352049694353469,0,1,111291,T,A,0,2929000000,1,0,20178,25720103,NGF1
1606352049694706135,1606352049694353469,0,1,111291,T,A,0,2928000000,3,0,20178,25720103,NGF1
1606352049695611469,1606352049694912277,0,1,111291,T,B,0,2928000000,1,0,21324,25720118,NGF1
1606352049696931023,1606352049695726023,0,1,111291,T,B,0,2928000000,1,0,23315,25720146,NGF1
1606352049697208430,1606352049696220957,0,1,215879,T,B,0,93000000,1,0,19484,25720159,NGF1-NGH1
1606352049697258650,1606352049696465387,0,1,111291,T,B,0,2928000000,1,0,17702,25720164,NGF1
1606352049698482108,1606352049697946623,0,1,111291,T,B,0,2928000000,1,0,18296,25720200,NGF1
1606352056327612080,1606352056327145509,0,1,111291,T,B,0,2929000000,1,0,21552,25720319,NGF1
1606352064998838629,1606352064998485059,0,1,111291,T,B,0,2930000000,1,0,24684,25720489,NGF1
1606352065099956289,1606352065099627077,0,1,111291,T,B,0,2930000000,1,0,17555,25720493,NGF1
1606352079455883073,1606352079455397867,0,1,111291,T,B,0,2930000000,1,0,18449,25720577,NGF1
1606352109593364137,1606352109592736155,0,1,111291,T,A,0,2929000000,1,0,28817,25720660,NGF1
1606352204441185911,1606352204440537177,0,1,111291,T,B,0,2931000000,1,0,27119,25720815,NGF1
1606352235918073314,1606352235917633907,0,1,111291,T,B,0,2931000000,1,0,18399,25720950,NGF1
1606352235918485182,1606352235918082789,0,1,215879,T,B,0,94000000,1,0,18462,25720957,NGF1-NGH1
1606352266232346134,1606352266231852389,0,1,111291,T,B,0,2930000000,1,0,18610,25721103,NGF1
1606352340008187206,1606352340007391193,0,1,111291,T,B,0,2930000000,1,0,27916,25721309,NGF1
1606352340192249614,1606352340191903011,0,1,111291,T,A,0,2929000000,1,0,17992,25721328,NGF1
1606352382539786827,1606352382539255143,0,1,111291,T,B,0,2930000000,1,0,24885,25721416,NGF1
1606352392535104328,1606352392534377939,0,1,111291,T,B,0,2930000000,1,0,29585,25721430,NGF1
1606352398968633957,1606352398968081191,0,1,111291,T,B,0,2930000000,1,0,26345,25721438,NGF1
1606352400798368361,1606352400798022301,0,1,111291,T,B,0,2930000000,1,0,18075,25721734,NGF1
1606352414470837293,1606352414470311977,0,1,111291,T,B,0,2931000000,1,0,36100,25721938,NGF1
1606352414755984541,1606352414755602777,0,1,121360,T,B,0,-15000000,3,0,18612,25722011,NGJ1-NGM1
1606352414756109028,1606352414755607181,0,1,215879,T,B,0,93000000,1,0,20819,25722012,NGF1-NGH1
1606352451671850057,1606352451670357711,0,1,111291,T,A,0,2930000000,1,0,22885,25722314,NGF1
1606352504624718876,1606352504624184229,0,1,111291,T,B,0,2931000000,2,0,17943,25722446,NGF1
1606352504631950866,1606352504631589473,0,1,215879,T,B,0,93000000,1,0,18715,25722476,NGF1-NGH1
1606352558936386195,1606352558935751357,0,1,111291,T,A,0,2930000000,1,0,33572,25722579,NGF1
1606352600849565501,1606352600848889693,0,1,111296,T,B,0,2705000000,1,0,24591,25722677,NGJ1
1606352673197240008,1606352673196794681,0,1,111291,T,B,0,2930000000,1,0,17810,25722751,NGF1
1606352700007907701,1606352700007401905,0,1,111291,T,B,0,2930000000,1,0,18262,25723103,NGF1
1606352727155716194,1606352727155141235,0,1,61114,T,A,0,8750000,6,0,18046,25723386,NGN1-HHN1
1606352735087243192,1606352735085785307,0,1,111291,T,B,0,2931000000,2,0,30858,25723516,NGF1
1606352744752619443,1606352744752113715,0,1,111291,T,A,0,2930000000,1,0,29499,25723580,NGF1
1606352744917374209,1606352744916983001,0,1,61251,T,B,0,12000000,10,0,18244,25723592,NGG1-HHG1
1606352761278085286,1606352761277544543,0,1,59193,T,A,0,8750000,8,0,19648,25723624,NGK1-HHK1
1606352809896420532,1606352809895482607,0,1,111294,T,B,0,2839000000,1,0,23298,25725730,NGH1
1606352809900853188,1606352809899800069,0,1,111291,T,B,0,2932000000,1,0,18045,25725807,NGF1
1606352809900853188,1606352809899800069,0,1,111291,T,B,0,2932000000,1,0,18045,25725807,NGF1
1606352809900853188,1606352809899800069,0,1,111291,T,B,0,2933000000,1,0,18045,25725807,NGF1
1606352810496846013,1606352810496586017,0,1,111291,T,B,0,2933000000,1,0,17967,25726408,NGF1
1606352815737703712,1606352815737278775,0,1,111291,T,B,0,2933000000,1,0,26140,25726479,NGF1
1606352826918042203,1606352826917576543,0,1,111291,T,A,0,2932000000,1,0,18054,25726740,NGF1
1606352826918104047,1606352826917853281,0,1,111291,T,A,0,2932000000,1,0,16896,25726742,NGF1
1606352826918690173,1606352826918070213,0,1,111291,T,A,0,2932000000,1,0,23264,25726756,NGF1
1606352845579600338,1606352845579042405,0,1,111291,T,A,0,2931000000,5,0,23610,25727055,NGF1
1606352845583571611,1606352845579782837,0,1,111294,T,N,0,2838000000,1,0,18652,25727099,NGH1
1606352845583571611,1606352845579782837,0,1,111293,T,A,0,2910000000,1,128,18652,25727099,NGG1
1606352845583571611,1606352845579782837,0,1,215880,T,N,0,72000000,1,0,18652,25727099,NGG1-NGH1
1606352845583752954,1606352845579789073,0,1,111291,T,A,0,2930000000,3,0,20864,25727103,NGF1
1606352845583927530,1606352845579793335,0,1,111291,T,A,0,2930000000,1,0,18687,25727107,NGF1
1606352845590801465,1606352845586834847,0,1,111291,T,A,0,2929000000,2,0,23279,25727288,NGF1
1606352845593470525,1606352845592182539,0,1,111291,T,B,0,2929000000,1,0,17702,25727378,NGF1
1606352847581538661,1606352847580957115,0,1,111291,T,A,0,2928000000,3,0,18287,25727979,NGF1
1606352847582388187,1606352847581560425,0,1,111294,T,A,0,2837000000,1,0,18973,25727996,NGH1
1606352847584777795,1606352847582395531,0,1,111291,T,A,0,2927000000,1,0,18489,25728035,NGF1
1606352847586347572,1606352847583784237,0,1,215879,T,B,0,91000000,1,0,17306,25728096,NGF1-NGH1
1606352847587005923,1606352847584829689,0,1,111291,T,A,0,2927000000,2,0,19017,25728112,NGF1
1606352847684665549,1606352847684304669,0,1,215879,T,B,0,91000000,1,0,17376,25728204,NGF1-NGH1
1606352847785151791,1606352847784784541,0,1,215879,T,B,0,91000000,1,0,17979,25728257,NGF1-NGH1
1606352847885596922,1606352847885261259,0,1,215879,T,B,0,91000000,1,0,17689,25728314,NGF1-NGH1
1606352847986041467,1606352847985727795,0,1,215879,T,B,0,91000000,1,0,18063,25728339,NGF1-NGH1
1606352848186487519,1606352848186172641,0,1,215879,T,B,0,91000000,1,0,17835,25728399,NGF1-NGH1
1606352848323157971,1606352848322833017,0,1,215879,T,B,0,91000000,1,0,18084,25728425,NGF1-NGH1
1606352848592022927,1606352848591534875,0,1,215879,T,N,0,90000000,3,0,19571,25728466,NGF1-NGH1
1606352848592022927,1606352848591534875,0,1,111291,T,A,0,2926000000,8,0,19571,25728466,NGF1
1606352848592022927,1606352848591534875,0,1,111294,T,N,0,2836000000,3,0,19571,25728466,NGH1
1606352848596320839,1606352848591960087,0,1,111294,T,A,0,2836000000,1,0,18679,25728472,NGH1
1606352848597304381,1606352848592275225,0,1,111291,T,B,0,2926000000,2,0,17304,25728495,NGF1
1606352848597603641,1606352848592287495,0,1,111291,T,B,0,2926000000,3,0,18556,25728502,NGF1
1606352848597733825,1606352848592289991,0,1,111291,T,B,0,2926000000,2,0,22586,25728506,NGF1
1606352848597868912,1606352848592292049,0,1,111291,T,B,0,2926000000,22,0,23602,25728510,NGF1
1606352848598565595,1606352848592389799,0,1,215880,T,A,0,71000000,5,0,17249,25728531,NGG1-NGH1
1606352848600253248,1606352848593660913,0,1,111294,T,A,0,2836000000,1,0,22549,25728610,NGH1
1606352848600519048,1606352848594452999,0,1,111293,T,A,0,2906000000,1,0,17858,25728622,NGG1
1606352848601039295,1606352848595217445,0,1,111291,T,B,0,2926000000,1,0,24847,25728640,NGF1
1606352848601279734,1606352848596838125,0,1,111294,T,A,0,2836000000,3,0,19367,25728645,NGH1
1606352848601813325,1606352848597878515,0,1,215879,T,B,0,91000000,1,0,17262,25728664,NGF1-NGH1
1606352848603245467,1606352848598188937,0,1,111291,T,A,0,2926000000,1,0,19948,25728691,NGF1
1606352848607831518,1606352848602334991,0,1,111291,T,B,0,2927000000,1,0,17630,25728893,NGF1
1606352848609921979,1606352848607356161,0,1,111294,T,B,0,2837000000,1,0,17655,25728978,NGH1
1606352848610111466,1606352848607372307,0,1,111291,T,A,0,2926000000,1,0,20555,25728982,NGF1
1606352848624798768,1606352848624450199,0,1,61251,T,B,0,12000000,10,0,18296,25729196,NGG1-HHG1
1606352848659617176,1606352848659323357,0,1,61251,T,B,0,12000000,2,0,18359,25729279,NGG1-HHG1
1606352851973155954,1606352851972722017,0,1,111291,T,B,0,2928000000,1,0,17911,25729931,NGF1
1606352855759131746,1606352855757840015,0,1,111291,T,A,0,2927000000,2,0,18456,25730021,NGF1
1606352863178150465,1606352863177753433,0,1,111291,T,B,0,2927000000,1,0,18409,25731035,NGF1
1606352881846374533,1606352881845862753,0,1,111291,T,B,0,2927000000,1,0,22807,25731295,NGF1
1606352904954235092,1606352904953745679,0,1,111291,T,B,0,2927000000,1,0,19804,25731879,NGF1
1606352946912964415,1606352946912378653,0,1,111291,T,A,0,2927000000,1,0,27042,25733468,NGF1
1606353037124896059,1606353037124027655,0,1,111291,T,A,0,2927000000,1,0,33442,25733854,NGF1
1606353037124896059,1606353037124027655,0,1,111291,T,A,0,2926000000,5,0,33442,25733854,NGF1
1606353037125644126,1606353037124865763,0,1,111294,T,A,0,2837000000,1,0,20040,25733862,NGH1
1606353107402799568,1606353107402079307,0,1,24512,T,A,0,131000000,4,0,27294,25735864,NGH1-NGJ1
1606353107404348833,1606353107403797619,0,1,24512,T,A,0,131000000,1,0,17906,25735878,NGH1-NGJ1
1606353107404348833,1606353107403797619,0,1,111294,T,N,0,2836000000,1,0,17906,25735878,NGH1
1606353107404348833,1606353107403797619,0,1,111296,T,N,0,2705000000,1,0,17906,25735878,NGJ1
1606353143474430378,1606353143473944769,0,1,111291,T,A,0,2926000000,1,0,20850,25737539,NGF1
1606353152090631754,1606353152089260631,0,1,111291,T,A,0,2926000000,1,0,23665,25737559,NGF1
1606353156288824348,1606353156288497061,0,1,111291,T,B,0,2927000000,1,0,18382,25737569,NGF1
1606353250715906348,1606353250715286277,0,1,111291,T,B,0,2928000000,1,0,33917,25737890,NGF1
1606353259045510273,1606353259044907861,0,1,24512,T,B,0,131000000,1,0,31821,25737923,NGH1-NGJ1
1606353260301686807,1606353260301324465,0,1,24512,T,B,0,131000000,1,0,20715,25737970,NGH1-NGJ1
1606353414578124020,1606353414577529543,0,1,111291,T,A,0,2927000000,1,0,31917,25739117,NGF1
1606353414580951071,1606353414579022833,0,1,24512,T,A,0,131000000,1,128,19320,25739127,NGH1-NGJ1
1606353414580951071,1606353414579022833,0,1,111296,T,N,0,2706000000,1,0,19320,25739127,NGJ1
1606353414580951071,1606353414579022833,0,1,111294,T,N,0,2837000000,1,0,19320,25739127,NGH1
1606353419226552346,1606353419226169549,0,1,111291,T,A,0,2927000000,1,0,18282,25739295,NGF1
1606353432099196014,1606353432098539129,0,1,111291,T,A,0,2927000000,1,0,29945,25739339,NGF1
1606353476337409544,1606353476335949271,0,1,111291,T,A,0,2927000000,1,0,23773,25739457,NGF1
1606353524845759721,1606353524845254913,0,1,111291,T,B,0,2928000000,1,0,17615,25740782,NGF1
1606353722606928884,1606353722606323131,0,1,111291,T,A,0,2928000000,1,0,30989,25747730,NGF1
1606353784819506724,1606353784818903535,0,1,111291,T,B,0,2928000000,1,0,30020,25747916,NGF1
1606353802803952159,1606353802803469143,0,1,111294,T,A,0,2837000000,1,0,27830,25747978,NGH1
1606353802805393861,1606353802804167747,0,1,111294,T,A,0,2837000000,2,0,17422,25747986,NGH1
1606353802805456697,1606353802804199069,0,1,111294,T,A,0,2837000000,1,0,20003,25747989,NGH1
1606353802809123385,1606353802807565689,0,1,111294,T,N,0,2836000000,1,0,17720,25748111,NGH1
1606353802809123385,1606353802807565689,0,1,111296,T,A,0,2705000000,1,128,17720,25748111,NGJ1
1606353802809123385,1606353802807565689,0,1,24512,T,N,0,131000000,1,0,17720,25748111,NGH1-NGJ1
1606353823288029967,1606353823287471377,0,1,111291,T,B,0,2927000000,1,0,18328,25748611,NGF1
1606353877263383033,1606353877262614987,0,1,111291,T,A,0,2926000000,2,0,28820,25748718,NGF1
1606353980950828343,1606353980950250111,0,1,111291,T,B,0,2926000000,1,0,17650,25749861,NGF1
1606353983078713156,1606353983077753157,0,1,111291,T,B,0,2927000000,1,0,18242,25750002,NGF1
1606354045213993096,1606354045213482701,0,1,111291,T,A,0,2925000000,1,0,17591,25750625,NGF1
1606354099788251989,1606354099787769913,0,1,111291,T,B,0,2927000000,1,0,18522,25751456,NGF1
1606354140008251688,1606354140007454045,0,1,111291,T,B,0,2927000000,1,0,27505,25751633,NGF1
1606354187771361851,1606354187769888855,0,1,111291,T,B,0,2927000000,1,0,18414,25751877,NGF1
1606354220563080586,1606354220562216983,0,1,111291,T,B,0,2928000000,3,0,28961,25751963,NGF1
1606354220563080586,1606354220562216983,0,1,111294,T,N,0,2836000000,1,0,28961,25751963,NGH1
1606354220563080586,1606354220562216983,0,1,215879,T,N,0,92000000,1,0,28961,25751963,NGF1-NGH1
1606354220565991901,1606354220564558119,0,1,111294,T,B,0,2836000000,4,0,17737,25751995,NGH1
1606354318166795245,1606354318165335603,0,1,111294,T,N,0,2836000000,1,0,36762,25752931,NGH1
1606354318166795245,1606354318165335603,0,1,111291,T,N,0,2927000000,1,0,36762,25752931,NGF1
1606354318166795245,1606354318165335603,0,1,111291,T,N,0,2928000000,2,0,36762,25752931,NGF1
1606354318166795245,1606354318165335603,0,1,111293,T,B,0,2908000000,2,0,36762,25752931,NGG1
1606354318166795245,1606354318165335603,0,1,111293,T,B,0,2909000000,2,0,36762,25752931,NGG1
1606354318166795245,1606354318165335603,0,1,215880,T,N,0,72000000,1,0,36762,25752931,NGG1-NGH1
1606354318166795245,1606354318165335603,0,1,15228,T,N,0,19000000,3,0,36762,25752931,NGF1-NGG1
1606354382720640994,1606354382720035925,0,1,111291,T,B,0,2928000000,1,0,28085,25753777,NGF1
1606354384499872658,1606354384499263689,0,1,111291,T,A,0,2927000000,2,0,28089,25753925,NGF1
1606354384499872658,1606354384499263689,0,1,111291,T,A,0,2926000000,1,0,28089,25753925,NGF1
1606354414799208198,1606354414798796885,0,1,111291,T,A,0,2927000000,1,0,17724,25754835,NGF1
1606354448022353279,1606354448021786735,0,1,111291,T,B,0,2928000000,1,0,30504,25755486,NGF1
1606354600197034512,1606354600196515121,0,1,111291,T,A,0,2928000000,1,0,22594,25756013,NGF1
1606354650586799670,1606354650586140155,0,1,111291,T,B,0,2929000000,1,0,26160,25756104,NGF1
1606354650751133249,1606354650750818581,0,1,111291,T,B,0,2929000000,1,0,17625,25756152,NGF1
1606354721439846351,1606354721439153909,0,1,111291,T,B,0,2929000000,1,0,32625,25756398,NGF1
1606354723446748979,1606354723446168191,0,1,111291,T,N,0,2929000000,1,0,24169,25756578,NGF1
1606354723446748979,1606354723446168191,0,1,15228,T,N,0,21000000,1,0,24169,25756578,NGF1-NGG1
1606354723446748979,1606354723446168191,0,1,111293,T,A,0,2908000000,1,128,24169,25756578,NGG1
1606354827866865101,1606354827866245635,0,1,111291,T,A,0,2929000000,1,0,27598,25756982,NGF1
1606354886236229941,1606354886235711053,0,1,111291,T,A,0,2929000000,1,0,19976,25757189,NGF1
1606354892119755473,1606354892119335719,0,1,111291,T,A,0,2929000000,1,0,26596,25757213,NGF1
1606354892310256332,1606354892309918433,0,1,111291,T,B,0,2929000000,1,0,17714,25757288,NGF1
1606354931181112887,1606354931179783605,0,1,111293,T,B,0,2909000000,1,0,25616,25757451,NGG1
1606354931181112887,1606354931179783605,0,1,215880,T,N,0,72000000,1,0,25616,25757451,NGG1-NGH1
1606354931181112887,1606354931179783605,0,1,111294,T,N,0,2837000000,1,0,25616,25757451,NGH1
1606354987545883021,1606354987545326299,0,1,111291,T,B,0,2930000000,1,0,25938,25758326,NGF1
1606355029552679625,1606355029552123689,0,1,111291,T,B,0,2930000000,2,0,24476,25758591,NGF1
1606355029557433524,1606355029552769243,0,1,215879,T,B,0,93000000,1,0,19501,25758601,NGF1-NGH1
1606355029559333772,1606355029558888659,0,1,111291,T,N,0,2930000000,1,0,18919,25758654,NGF1
1606355029559333772,1606355029558888659,0,1,111293,T,B,0,2909000000,1,128,18919,25758654,NGG1
1606355029559333772,1606355029558888659,0,1,15228,T,N,0,21000000,1,0,18919,25758654,NGF1-NGG1
1606355029563114313,1606355029562806607,0,1,111294,T,B,0,2837000000,1,0,16660,25758714,NGH1
1606355035668737593,1606355035668310321,0,1,111291,T,A,0,2930000000,1,0,23916,25758940,NGF1
1606355103129508168,1606355103128387101,0,1,111291,T,A,0,2930000000,1,0,18192,25759669,NGF1
1606355120450119958,1606355120449764319,0,1,111291,T,N,0,2929000000,1,0,25922,25760141,NGF1
1606355120450119958,1606355120449764319,0,1,15228,T,N,0,22000000,1,0,25922,25760141,NGF1-NGG1
1606355120450119958,1606355120449764319,0,1,111293,T,A,0,2907000000,1,0,25922,25760141,NGG1
1606355120451192480,1606355120450448729,0,1,111293,T,B,0,2907000000,1,0,18317,25760162,NGG1
1606355120451497839,1606355120450499601,0,1,111294,T,A,0,2835000000,1,0,18327,25760170,NGH1
1606355120452824700,1606355120451507777,0,1,111291,T,A,0,2929000000,1,0,17939,25760206,NGF1
1606355176230524290,1606355176229805879,0,1,111291,T,B,0,2930000000,1,0,41509,25760488,NGF1
1606355183505671167,1606355183505291163,0,1,111291,T,B,0,2930000000,1,0,18629,25760512,NGF1
1606355231214063592,1606355231213404335,0,1,111291,T,A,0,2930000000,1,0,29094,25760681,NGF1
1606355231217420978,1606355231216972001,0,1,111291,T,B,0,2930000000,1,128,18335,25760717,NGF1
1606355231217420978,1606355231216972001,0,1,111294,T,N,0,2836000000,1,0,18335,25760717,NGH1
1606355231217420978,1606355231216972001,0,1,215879,T,N,0,94000000,1,0,18335,25760717,NGF1-NGH1
1606355236819415985,1606355236819003709,0,1,111291,T,A,0,2929000000,1,0,30856,25760819,NGF1
1606355265237829030,1606355265236820579,0,1,111291,T,B,0,2929000000,1,0,25215,25760959,NGF1
1606355267103951063,1606355267102992475,0,1,111291,T,N,0,2929000000,1,0,19478,25760989,NGF1
1606355267103951063,1606355267102992475,0,1,111293,T,N,0,2907000000,1,0,19478,25760989,NGG1
1606355267103951063,1606355267102992475,0,1,15228,T,B,0,22000000,1,128,19478,25760989,NGF1-NGG1
1606355267105306228,1606355267104960621,0,1,215879,T,B,0,93000000,1,0,18287,25761019,NGF1-NGH1
1606355393779017068,1606355393778391033,0,1,111291,T,B,0,2929000000,2,0,33457,25761369,NGF1
1606355393780642485,1606355393780359105,0,1,111291,T,B,0,2929000000,1,0,18050,25761380,NGF1
1606355396087796549,1606355396087457157,0,1,111296,T,B,0,2704000000,1,0,17827,25761427,NGJ1
1606355501537351428,1606355501536722891,0,1,111291,T,B,0,2929000000,1,0,18063,25761504,NGF1
1606355537157534219,1606355537156831197,0,1,111291,T,B,0,2929000000,1,128,21892,25761544,NGF1
1606355537157534219,1606355537156831197,0,1,215879,T,N,0,93000000,1,0,21892,25761544,NGF1-NGH1
1606355537157534219,1606355537156831197,0,1,111294,T,N,0,2836000000,1,0,21892,25761544,NGH1
1606355579730793343,1606355579730404787,0,1,111294,T,B,0,2836000000,1,0,18458,25761782,NGH1
1606355582158527836,1606355582157966561,0,1,111294,T,N,0,2836000000,1,0,28780,25761857,NGH1
1606355582158527836,1606355582157966561,0,1,215879,T,N,0,94000000,1,0,28780,25761857,NGF1-NGH1
1606355582158527836,1606355582157966561,0,1,111291,T,B,0,2930000000,1,128,28780,25761857,NGF1
1606355592846928740,1606355592845983207,0,1,111291,T,B,0,2930000000,1,0,24363,25762242,NGF1
1606355592846928740,1606355592845983207,0,1,215879,T,N,0,94000000,1,0,24363,25762242,NGF1-NGH1
1606355592846928740,1606355592845983207,0,1,111294,T,N,0,2836000000,1,0,24363,25762242,NGH1
1606355912923942838,1606355912923385047,0,1,111291,T,A,0,2929000000,1,0,17691,25765401,NGF1
1606355940008126902,1606355940007488951,0,1,111291,T,B,0,2929000000,1,0,18696,25765805,NGF1
1606355944083030562,1606355944082532301,0,1,111291,T,B,0,2929000000,1,128,18684,25765877,NGF1
1606355944083030562,1606355944082532301,0,1,111294,T,N,0,2835000000,1,0,18684,25765877,NGH1
1606355944083030562,1606355944082532301,0,1,215879,T,N,0,94000000,1,0,18684,25765877,NGF1-NGH1
1606356024363677075,1606356024362992919,0,1,215879,T,N,0,94000000,1,0,18718,25766333,NGF1-NGH1
1606356024363677075,1606356024362992919,0,1,111294,T,N,0,2835000000,1,0,18718,25766333,NGH1
1606356024363677075,1606356024362992919,0,1,111291,T,B,0,2929000000,1,128,18718,25766333,NGF1
1606356027820091957,1606356027819565923,0,1,111291,T,B,0,2929000000,1,128,24766,25766463,NGF1
1606356027820091957,1606356027819565923,0,1,111294,T,N,0,2835000000,1,0,24766,25766463,NGH1
1606356027820091957,1606356027819565923,0,1,215879,T,N,0,94000000,1,0,24766,25766463,NGF1-NGH1
1606356056006452865,1606356056005907581,0,1,111291,T,A,0,2928000000,1,0,36183,25766678,NGF1
1606356290026477305,1606356290025961339,0,1,111291,T,A,0,2928000000,1,0,23541,25767862,NGF1
1606356345631533760,1606356345630883589,0,1,111291,T,A,0,2928000000,1,0,33469,25768087,NGF1
1606356382600368654,1606356382599868327,0,1,111291,T,A,0,2928000000,1,0,40651,25768106,NGF1
1606356384687865911,1606356384687511817,0,1,111291,T,A,0,2927000000,1,0,24452,25768142,NGF1
1606356384691022593,1606356384690626257,0,1,111291,T,N,0,2928000000,2,0,19182,25768155,NGF1
1606356384691022593,1606356384690626257,0,1,15228,T,B,0,22000000,2,128,19182,25768155,NGF1-NGG1
1606356384691022593,1606356384690626257,0,1,111293,T,N,0,2906000000,2,0,19182,25768155,NGG1
1606356385691024755,1606356385690628045,0,1,111293,T,N,0,2906000000,1,0,23656,25768253,NGG1
1606356385691024755,1606356385690628045,0,1,15228,T,B,0,22000000,1,128,23656,25768253,NGF1-NGG1
1606356385691024755,1606356385690628045,0,1,111291,T,N,0,2928000000,1,0,23656,25768253,NGF1
1606356447511420864,1606356447510528759,0,1,111291,T,B,0,2928000000,1,128,33535,25769363,NGF1
1606356447511420864,1606356447510528759,0,1,215879,T,N,0,93000000,1,0,33535,25769363,NGF1-NGH1
1606356447511420864,1606356447510528759,0,1,111294,T,N,0,2835000000,1,0,33535,25769363,NGH1
1606356620235186661,1606356620233668663,0,1,111291,T,B,0,2929000000,1,0,24460,25770478,NGF1
1606356630071805095,1606356630071334675,0,1,111291,T,B,0,2929000000,2,0,17728,25770596,NGF1
1606356771723701598,1606356771723031483,0,1,111291,T,A,0,2929000000,1,0,32330,25771329,NGF1
1606356892944046016,1606356892943392881,0,1,111291,T,B,0,2929000000,1,0,26434,25771660,NGF1
1606356918509933003,1606356918509369933,0,1,111291,T,A,0,2929000000,1,0,18234,25771704,NGF1
1606357020008063566,1606357020007390045,0,1,111291,T,B,0,2929000000,1,0,18492,25771894,NGF1
1606357042834912576,1606357042834409117,0,1,111291,T,B,0,2930000000,1,0,29358,25771927,NGF1
1606357045516646973,1606357045516181841,0,1,111291,T,B,0,2930000000,2,0,25313,25771929,NGF1
1606357059185763070,1606357059185332343,0,1,111291,T,B,0,2930000000,3,0,20178,25771939,NGF1
1606357080776567846,1606357080776143797,0,1,111291,T,B,0,2930000000,1,0,20456,25772113,NGF1
1606357166383677340,1606357166382826991,0,1,111291,T,B,0,2930000000,1,128,31741,25772223,NGF1
1606357166383677340,1606357166382826991,0,1,111294,T,N,0,2835000000,1,0,31741,25772223,NGH1
1606357166383677340,1606357166382826991,0,1,215879,T,N,0,95000000,1,0,31741,25772223,NGF1-NGH1
1606357166384539151,1606357166384232185,0,1,111294,T,B,0,2835000000,1,0,18147,25772238,NGH1
1606357166384930330,1606357166384652719,0,1,111294,T,B,0,2835000000,1,0,17687,25772244,NGH1
1606357191205545219,1606357191204994225,0,1,111294,T,N,0,2835000000,1,0,29991,25772295,NGH1
1606357191205545219,1606357191204994225,0,1,215879,T,N,0,95000000,1,0,29991,25772295,NGF1-NGH1
1606357191205545219,1606357191204994225,0,1,111291,T,B,0,2930000000,1,128,29991,25772295,NGF1
1606357257986014977,1606357257985567227,0,1,111291,T,A,0,2929000000,1,0,31413,25772414,NGF1
1606357456243484393,1606357456242939405,0,1,111291,T,A,0,2928000000,1,0,23793,25773231,NGF1
1606357530975927059,1606357530975480549,0,1,111293,T,A,0,2906000000,1,0,18049,25773391,NGG1
1606357530977966299,1606357530976033635,0,1,111293,T,A,0,2906000000,4,0,19962,25773397,NGG1
1606357530978526950,1606357530977982075,0,1,111291,T,A,0,2927000000,1,0,20829,25773407,NGF1
1606357530980930198,1606357530978545211,0,1,111291,T,A,0,2927000000,1,0,18678,25773460,NGF1
1606357530985830980,1606357530984133401,0,1,111291,T,A,0,2926000000,1,0,18865,25773586,NGF1
1606357547896318635,1606357547895765611,0,1,111294,T,A,0,2832000000,2,0,28187,25773970,NGH1
1606357558683399264,1606357558682978153,0,1,111291,T,A,0,2925000000,2,0,27358,25774181,NGF1
1606357558987107680,1606357558986819469,0,1,111291,T,A,0,2925000000,1,0,17945,25774257,NGF1
1606357558993668728,1606357558993414051,0,1,111291,T,A,0,2925000000,1,0,17617,25774267,NGF1
1606357568130884174,1606357568129710407,0,1,62831,T,A,0,-54000000,67,0,42467,25774357,NGM1-NGN1
1606357568131601196,1606357568131069109,0,1,62831,T,B,0,-53000000,11,0,17952,25774385,NGM1-NGN1
1606357625837131747,1606357625836535193,0,1,111291,T,A,0,2925000000,1,0,41016,25774973,NGF1
1606357625839235135,1606357625838252455,0,1,111291,T,B,0,2925000000,1,0,18521,25775020,NGF1
1606357630398903573,1606357630398538909,0,1,111294,T,B,0,2831000000,2,0,17918,25775187,NGH1
1606357669292725871,1606357669292117133,0,1,111291,T,B,0,2926000000,1,0,32999,25775270,NGF1
1606357706892753781,1606357706892283983,0,1,111291,T,B,0,2926000000,1,0,17818,25775399,NGF1
1606357706893046873,1606357706892763935,0,1,111294,T,B,0,2832000000,2,0,18077,25775403,NGH1
1606357706893365364,1606357706892788551,0,1,111294,T,N,0,2832000000,1,0,20605,25775408,NGH1
1606357706893365364,1606357706892788551,0,1,111293,T,B,0,2904000000,1,128,20605,25775408,NGG1
1606357706893365364,1606357706892788551,0,1,215880,T,N,0,72000000,1,0,20605,25775408,NGG1-NGH1
1606357706900894866,1606357706900395565,0,1,111294,T,B,0,2833000000,1,0,18293,25775642,NGH1
1606357741559001703,1606357741557386697,0,1,111291,T,A,0,2926000000,2,0,29568,25776055,NGF1
1606357923370661812,1606357923369916879,0,1,111291,T,A,0,2927000000,2,0,30132,25776292,NGF1
1606357943453111198,1606357943452390559,0,1,111291,T,B,0,2928000000,1,0,31093,25776563,NGF1
1606357968279204989,1606357968278722607,0,1,111291,T,B,0,2928000000,1,0,25668,25776632,NGF1
1606357968280923354,1606357968279238731,0,1,111291,T,B,0,2928000000,1,128,18752,25776640,NGF1
1606357968280923354,1606357968279238731,0,1,111294,T,N,0,2834000000,1,0,18752,25776640,NGH1
1606357968280923354,1606357968279238731,0,1,215879,T,N,0,94000000,1,0,18752,25776640,NGF1-NGH1
1606358060535930117,1606358060535137475,0,1,111291,T,B,0,2929000000,1,0,29888,25777387,NGF1
1606358071426577554,1606358071426072143,0,1,111291,T,A,0,2928000000,1,0,23582,25777880,NGF1
1606358073514240818,1606358073513863675,0,1,111291,T,A,0,2928000000,1,0,17497,25777969,NGF1
1606358133763917446,1606358133763297871,0,1,111291,T,B,0,2928000000,2,0,18695,25778480,NGF1
1606358278684000530,1606358278683452867,0,1,111294,T,B,0,2834000000,1,0,21056,25778895,NGH1
1606358333597558755,1606358333595964507,0,1,111294,T,N,0,2834000000,1,0,23958,25778997,NGH1
1606358333597558755,1606358333595964507,0,1,111291,T,B,0,2928000000,1,128,23958,25778997,NGF1
1606358333597558755,1606358333595964507,0,1,215879,T,N,0,94000000,1,0,23958,25778997,NGF1-NGH1
1606358333599721271,1606358333598471359,0,1,111291,T,B,0,2928000000,1,0,18226,25779022,NGF1
1606358336593710093,1606358336593343235,0,1,111291,T,A,0,2927000000,1,0,25276,25779095,NGF1
1606358339293553143,1606358339292346201,0,1,111291,T,A,0,2927000000,1,0,18607,25779142,NGF1
1606358392694772309,1606358392694106035,0,1,111291,T,A,0,2926000000,1,0,27184,25779234,NGF1
1606358442609104014,1606358442608341217,0,1,111291,T,A,0,2926000000,1,0,37743,25779244,NGF1
1606358443142750249,1606358443142036759,0,1,111291,T,B,0,2927000000,1,0,22833,25779283,NGF1
1606358520173103618,1606358520172348693,0,1,111294,T,B,0,2833000000,1,0,36913,25779452,NGH1
1606358521126405427,1606358521125813767,0,1,111291,T,A,0,2926000000,1,0,23388,25779457,NGF1
1606358547907843412,1606358547907172785,0,1,111291,T,B,0,2927000000,2,0,18207,25779801,NGF1
1606358558497754271,1606358558496899351,0,1,111291,T,B,0,2927000000,1,128,34823,25779887,NGF1
1606358558497754271,1606358558496899351,0,1,111294,T,N,0,2833000000,1,0,34823,25779887,NGH1
1606358558497754271,1606358558496899351,0,1,215879,T,N,0,94000000,1,0,34823,25779887,NGF1-NGH1
1606358577980466345,1606358577979596407,0,1,111291,T,B,0,2927000000,1,0,28394,25779979,NGF1
1606358582980229155,1606358582979708015,0,1,111294,T,B,0,2833000000,1,0,29443,25780042,NGH1
1606358608057495840,1606358608056701459,0,1,111294,T,N,0,2833000000,1,0,27979,25780080,NGH1
1606358608057495840,1606358608056701459,0,1,111291,T,B,0,2927000000,1,128,27979,25780080,NGF1
1606358608057495840,1606358608056701459,0,1,215879,T,N,0,94000000,1,0,27979,25780080,NGF1-NGH1
1606358700008242160,1606358700007396423,0,1,111291,T,B,0,2928000000,1,0,23330,25780439,NGF1
1606358766253317689,1606358766252455055,0,1,111294,T,A,0,2834000000,1,0,34104,25780659,NGH1
1606359032483943125,1606359032482440985,0,1,111291,T,A,0,2928000000,1,0,24489,25780815,NGF1
1606359032483943125,1606359032482440985,0,1,111291,T,A,0,2927000000,1,0,24489,25780815,NGF1
1606359032490056726,1606359032488952913,0,1,215879,T,B,0,93000000,1,0,16891,25780968,NGF1-NGH1
1606359044736720470,1606359044736294799,0,1,111291,T,A,0,2927000000,2,0,17662,25781437,NGF1
1606359044740372455,1606359044739649207,0,1,215879,T,B,0,93000000,1,0,18668,25781504,NGF1-NGH1
1606359300007855971,1606359300007346653,0,1,111291,T,A,0,2926000000,1,0,17835,25782326,NGF1
1606359335111523720,1606359335110864877,0,1,111291,T,B,0,2926000000,1,0,41127,25782818,NGF1
1606359335112995169,1606359335112474203,0,1,111291,T,B,0,2926000000,1,0,22569,25782837,NGF1
1606359335115171161,1606359335114903369,0,1,111294,T,B,0,2832000000,1,0,17532,25782872,NGH1
1606359349820486204,1606359349819424249,0,1,111291,T,A,0,2926000000,1,0,22650,25782946,NGF1
1606359373260021192,1606359373259546415,0,1,111291,T,A,0,2925000000,2,0,21998,25783161,NGF1
1606359413357910113,1606359413357251257,0,1,111291,T,A,0,2925000000,1,0,45553,25783380,NGF1
1606359413359103499,1606359413358798139,0,1,111291,T,B,0,2926000000,1,0,17881,25783389,NGF1
1606359425314920300,1606359425314296051,0,1,111291,T,A,0,2925000000,1,0,32659,25783414,NGF1
1606359441243372907,1606359441242981859,0,1,111291,T,B,0,2926000000,1,0,17980,25783918,NGF1
1606359446954865851,1606359446954330087,0,1,111291,T,B,0,2926000000,1,128,24010,25783984,NGF1
1606359446954865851,1606359446954330087,0,1,111294,T,N,0,2832000000,1,0,24010,25783984,NGH1
1606359446954865851,1606359446954330087,0,1,215879,T,N,0,94000000,1,0,24010,25783984,NGF1-NGH1
1606359459358516984,1606359459357939743,0,1,215879,T,N,0,94000000,1,0,31665,25784181,NGF1-NGH1
1606359459358516984,1606359459357939743,0,1,111294,T,N,0,2832000000,1,0,31665,25784181,NGH1
1606359459358516984,1606359459357939743,0,1,111291,T,B,0,2926000000,1,128,31665,25784181,NGF1
1606359488328082728,1606359488327485085,0,1,111291,T,B,0,2926000000,1,128,32400,25784348,NGF1
1606359488328082728,1606359488327485085,0,1,111294,T,N,0,2832000000,1,0,32400,25784348,NGH1
1606359488328082728,1606359488327485085,0,1,215879,T,N,0,94000000,1,0,32400,25784348,NGF1-NGH1
1606359488329538005,1606359488329074501,0,1,111291,T,B,0,2927000000,1,0,16865,25784390,NGF1
1606359615193745276,1606359615192929007,0,1,111291,T,B,0,2927000000,1,128,24365,25784724,NGF1
1606359615193745276,1606359615192929007,0,1,215879,T,N,0,94000000,1,0,24365,25784724,NGF1-NGH1
1606359615193745276,1606359615192929007,0,1,111294,T,N,0,2833000000,1,0,24365,25784724,NGH1
1606359762689828387,1606359762689243331,0,1,111291,T,B,0,2928000000,1,0,32656,25785045,NGF1
1606359766038474960,1606359766038109757,0,1,111291,T,B,0,2928000000,1,0,18874,25785097,NGF1
1606359898634601793,1606359898634107947,0,1,111291,T,B,0,2928000000,1,0,22818,25785312,NGF1
1606359898634929028,1606359898634656437,0,1,111291,T,B,0,2928000000,2,0,18700,25785318,NGF1
1606359901002689695,1606359901002322719,0,1,111291,T,A,0,2928000000,1,0,17858,25785965,NGF1
1606360010433978899,1606360010433405883,0,1,111291,T,A,0,2928000000,1,0,25220,25786613,NGF1
1606360010435746260,1606360010434106051,0,1,111291,T,A,0,2928000000,1,0,18523,25786620,NGF1
1606360072444994691,1606360072444279209,0,1,204979,T,A,0,19000000,6,0,24272,25786845,NGJ1-NGK1
1606360263097281134,1606360263096593991,0,1,111291,T,A,0,2927000000,1,0,34255,25787673,NGF1
1606360276409267366,1606360276408955417,0,1,111291,T,A,0,2928000000,1,0,26195,25787899,NGF1
1606360530521163360,1606360530520540767,0,1,111291,T,B,0,2928000000,1,0,26133,25788264,NGF1
1606360699803636085,1606360699803008109,0,1,111291,T,A,0,2927000000,1,0,24471,25789019,NGF1
1606360700428796164,1606360700428537681,0,1,111291,T,A,0,2927000000,1,0,17532,25789145,NGF1
1606360700430607712,1606360700430333673,0,1,111291,T,A,0,2927000000,2,0,17834,25789178,NGF1
1606360700431732618,1606360700431462839,0,1,111291,T,B,0,2927000000,1,0,17731,25789194,NGF1
1606360700930507299,1606360700930177479,0,1,111294,T,A,0,2833000000,1,0,18026,25789291,NGH1
1606360797712785116,1606360797712266513,0,1,111291,T,B,0,2927000000,1,0,24555,25790131,NGF1
1606360968496796905,1606360968496240765,0,1,111291,T,A,0,2926000000,2,0,20674,25790504,NGF1
1606360993163792233,1606360993163007603,0,1,111291,T,A,0,2926000000,1,0,26182,25790682,NGF1
1606360993165512434,1606360993164280287,0,1,111291,T,A,0,2926000000,1,0,18115,25790690,NGF1
1606360993166039077,1606360993164761617,0,1,111291,T,B,0,2927000000,1,0,27044,25790693,NGF1
1606361106264032647,1606361106262352891,0,1,111294,T,A,0,2831000000,2,0,33461,25791368,NGH1
1606361106264032647,1606361106262352891,0,1,111294,T,A,0,2830000000,2,0,33461,25791368,NGH1
1606361106278159701,1606361106277767107,0,1,111291,T,A,0,2925000000,1,0,16703,25791697,NGF1
1606361119318396715,1606361119317647375,0,1,111291,T,B,0,2926000000,3,0,26173,25792150,NGF1
1606361119319698849,1606361119319378213,0,1,111291,T,B,0,2926000000,1,0,19024,25792167,NGF1
1606361269653929844,1606361269653235771,0,1,111291,T,B,0,2926000000,1,128,29662,25792838,NGF1
1606361269653929844,1606361269653235771,0,1,111294,T,N,0,2831000000,1,0,29662,25792838,NGH1
1606361269653929844,1606361269653235771,0,1,215879,T,N,0,95000000,1,0,29662,25792838,NGF1-NGH1
1606361269654742547,1606361269653943605,0,1,111294,T,B,0,2831000000,1,0,18334,25792848,NGH1
1606361274771421280,1606361274770937263,0,1,111294,T,N,0,2831000000,1,0,24870,25793003,NGH1
1606361274771421280,1606361274770937263,0,1,215879,T,N,0,95000000,1,0,24870,25793003,NGF1-NGH1
1606361274771421280,1606361274770937263,0,1,111291,T,B,0,2926000000,1,128,24870,25793003,NGF1
1606361274771801235,1606361274771449529,0,1,111294,T,B,0,2831000000,3,0,17424,25793012,NGH1
1606361281874537551,1606361281873994611,0,1,111291,T,B,0,2927000000,1,0,27869,25793465,NGF1
1606361305551523723,1606361305550884925,0,1,215879,T,B,0,94000000,1,0,24620,25793654,NGF1-NGH1
1606361334918383643,1606361334917982363,0,1,111291,T,B,0,2927000000,2,0,17709,25793803,NGF1
1606361334919699296,1606361334919295967,0,1,111291,T,B,0,2927000000,1,128,19946,25793817,NGF1
1606361334919699296,1606361334919295967,0,1,215879,T,N,0,94000000,1,0,19946,25793817,NGF1-NGH1
1606361334919699296,1606361334919295967,0,1,111294,T,N,0,2833000000,1,0,19946,25793817,NGH1
1606361334920940922,1606361334920505301,0,1,111294,T,B,0,2833000000,1,0,17761,25793851,NGH1
1606361390296842411,1606361390296243309,0,1,111291,T,A,0,2927000000,2,0,27659,25795410,NGF1
1606361390297506098,1606361390296986431,0,1,111291,T,A,0,2927000000,1,0,18538,25795431,NGF1
1606361478947381659,1606361478946853355,0,1,111293,T,A,0,2904000000,1,0,27973,25797243,NGG1
1606361490564263954,1606361490563489095,0,1,111291,T,B,0,2928000000,1,0,17682,25797335,NGF1
1606361493878384682,1606361493877902969,0,1,111291,T,B,0,2929000000,2,0,21484,25797589,NGF1
1606361493878384682,1606361493877902969,0,1,111291,T,B,0,2930000000,6,0,21484,25797589,NGF1
1606361493882975758,1606361493881311155,0,1,111291,T,B,0,2930000000,1,0,19144,25797707,NGF1
1606361493883665021,1606361493881470769,0,1,111291,T,B,0,2930000000,2,0,19644,25797718,NGF1
1606361501149188286,1606361501148811035,0,1,111291,T,A,0,2930000000,1,0,18011,25798402,NGF1
1606361501151389222,1606361501150404661,0,1,111291,T,A,0,2930000000,3,0,22915,25798448,NGF1
1606361502772948797,1606361502772609175,0,1,111291,T,A,0,2929000000,1,0,28283,25798664,NGF1
1606361508252403159,1606361508252049357,0,1,111291,T,A,0,2929000000,2,0,20045,25799174,NGF1
1606361525476322045,1606361525475930319,0,1,111291,T,A,0,2928000000,1,0,21311,25799735,NGF1
1606361525476987488,1606361525476106345,0,1,111291,T,A,0,2928000000,1,0,19174,25799738,NGF1
1606361552568949661,1606361552568526089,0,1,111291,T,B,0,2928000000,1,0,18006,25800323,NGF1
1606361589162655108,1606361589162046373,0,1,111291,T,A,0,2927000000,1,0,30312,25800779,NGF1
1606361589352222753,1606361589351935297,0,1,111291,T,A,0,2927000000,1,0,18248,25800803,NGF1
1606361622169753904,1606361622169242859,0,1,111291,T,B,0,2929000000,1,0,29707,25801535,NGF1
1606361651978043910,1606361651977684691,0,1,111291,T,B,0,2928000000,1,0,17986,25801825,NGF1
1606361675519523801,1606361675519110971,0,1,111291,T,B,0,2928000000,1,0,18367,25802261,NGF1
1606361681980266950,1606361681979897953,0,1,111291,T,B,0,2928000000,1,0,20195,25802528,NGF1
1606361682906053554,1606361682905771107,0,1,111291,T,A,0,2927000000,8,0,21266,25802560,NGF1
1606361852180032271,1606361852179289647,0,1,111291,T,A,0,2926000000,1,0,26921,25803879,NGF1
1606361884041443134,1606361884040647521,0,1,111291,T,B,0,2928000000,5,0,26375,25804312,NGF1
1606361884041443134,1606361884040647521,0,1,111291,T,B,0,2929000000,3,0,26375,25804312,NGF1
1606361903020373665,1606361903019579961,0,1,111291,T,A,0,2927000000,1,0,17819,25805037,NGF1
1606362069311463136,1606362069310714223,0,1,111291,T,A,0,2927000000,1,0,30690,25806080,NGF1
1606362267214430940,1606362267213764631,0,1,111291,T,A,0,2927000000,1,0,27210,25806155,NGF1
1606362326690830247,1606362326690291367,0,1,111291,T,A,0,2928000000,1,0,18306,25806584,NGF1
1606362331688637678,1606362331688187831,0,1,111291,T,A,0,2928000000,1,0,20652,25806721,NGF1
1606362375339572864,1606362375338141867,0,1,111291,T,B,0,2928000000,1,0,21384,25807296,NGF1
1606362453607555514,1606362453606896951,0,1,111291,T,B,0,2928000000,1,0,28166,25807603,NGF1
1606362461514115368,1606362461513658009,0,1,111291,T,A,0,2927000000,1,0,21137,25807783,NGF1
1606362497232739009,1606362497232196875,0,1,111291,T,A,0,2926000000,1,0,24665,25808028,NGF1
1606362627244409974,1606362627243705257,0,1,111291,T,A,0,2926000000,1,0,29190,25808407,NGF1
1606362696602148969,1606362696601513043,0,1,111291,T,A,0,2926000000,1,0,31378,25808489,NGF1
1606362696604219925,1606362696603858053,0,1,111291,T,A,0,2926000000,2,0,18066,25808506,NGF1
1606362696604535605,1606362696604228221,0,1,111293,T,A,0,2904000000,1,0,17936,25808511,NGG1
1606362708727367524,1606362708726905711,0,1,111291,T,B,0,2925000000,1,0,26088,25809517,NGF1
1606362709085610138,1606362709084893651,0,1,111291,T,B,0,2926000000,1,0,18562,25809570,NGF1
1606362709087333126,1606362709087058283,0,1,111291,T,A,0,2925000000,1,0,17276,25809603,NGF1
1606362709433596691,1606362709433293053,0,1,111291,T,A,0,2925000000,1,0,17429,25809684,NGF1
1606362709435686823,1606362709434471465,0,1,111291,T,B,0,2926000000,1,0,17847,25809725,NGF1
1606362709437019660,1606362709435696885,0,1,111291,T,B,0,2925000000,1,0,17889,25809731,NGF1
1606362709437019660,1606362709435696885,0,1,111294,T,N,0,2831000000,1,0,17889,25809731,NGH1
1606362709437019660,1606362709435696885,0,1,215879,T,N,0,94000000,1,0,17889,25809731,NGF1-NGH1
1606362740108932431,1606362740108140431,0,1,215879,T,N,0,94000000,1,0,30125,25809940,NGF1-NGH1
1606362740108932431,1606362740108140431,0,1,111294,T,N,0,2831000000,1,0,30125,25809940,NGH1
1606362740108932431,1606362740108140431,0,1,111291,T,B,0,2925000000,1,128,30125,25809940,NGF1
1606362760618264844,1606362760617571153,0,1,111291,T,A,0,2924000000,7,0,18779,25810030,NGF1
1606362760624928924,1606362760619206869,0,1,111291,T,B,0,2925000000,1,0,22286,25810047,NGF1
1606362761103144105,1606362761102786347,0,1,111291,T,B,0,2925000000,1,0,17730,25810128,NGF1
1606362764795325693,1606362764793942601,0,1,111291,T,B,0,2925000000,1,128,28448,25810160,NGF1
1606362764795325693,1606362764793942601,0,1,111294,T,N,0,2831000000,1,0,28448,25810160,NGH1
1606362764795325693,1606362764793942601,0,1,215879,T,N,0,94000000,1,0,28448,25810160,NGF1-NGH1
1606362780196088314,1606362780195514583,0,1,111291,T,A,0,2924000000,6,0,27885,25810276,NGF1
1606362781520480789,1606362781519953161,0,1,111291,T,B,0,2925000000,1,0,22220,25810297,NGF1
1606362781520480789,1606362781519953161,0,1,215879,T,N,0,94000000,1,0,22220,25810297,NGF1-NGH1
1606362781520480789,1606362781519953161,0,1,111294,T,N,0,2831000000,1,0,22220,25810297,NGH1
1606362781521034944,1606362781520678349,0,1,111294,T,B,0,2831000000,1,0,23143,25810321,NGH1
1606362784776206155,1606362784775728375,0,1,24441,T,A,0,224000000,1,0,18230,25811112,NGF1-NGJ1
1606362790642584755,1606362790642131321,0,1,111291,T,B,0,2927000000,2,0,24074,25811486,NGF1
1606362802257850788,1606362802257371381,0,1,111291,T,A,0,2926000000,1,0,25269,25811739,NGF1
1606362838885839319,1606362838885449267,0,1,111291,T,A,0,2928000000,1,0,18922,25812050,NGF1
1606362840192331112,1606362840191476233,0,1,111291,T,A,0,2928000000,1,0,20613,25812289,NGF1
1606362840192331112,1606362840191476233,0,1,111291,T,A,0,2927000000,4,0,20613,25812289,NGF1
1606362840192331112,1606362840191476233,0,1,111291,T,A,0,2926000000,4,0,20613,25812289,NGF1
1606362840192331112,1606362840191476233,0,1,111291,T,A,0,2925000000,1,0,20613,25812289,NGF1
1606362840192331112,1606362840191476233,0,1,111294,T,N,0,2833000000,1,0,20613,25812289,NGH1
1606362840192331112,1606362840191476233,0,1,215879,T,N,0,93000000,1,0,20613,25812289,NGF1-NGH1
1606362840213288401,1606362840213029317,0,1,111291,T,B,0,2926000000,1,0,18388,25812521,NGF1
1606362840214203991,1606362840213909515,0,1,111291,T,B,0,2926000000,1,0,17235,25812550,NGF1
1606362902273831827,1606362902272290319,0,1,111291,T,A,0,2926000000,2,0,31555,25813166,NGF1
1606363032293418990,1606363032292780847,0,1,111291,T,A,0,2926000000,1,0,29341,25813767,NGF1
1606363062324667787,1606363062324220307,0,1,111291,T,A,0,2927000000,1,0,17710,25813917,NGF1
1606363127292914323,1606363127292242393,0,1,111291,T,A,0,2926000000,1,0,31588,25814995,NGF1
1606363216650840290,1606363216650205315,0,1,111291,T,B,0,2927000000,2,0,24767,25815180,NGF1
1606363237301952901,1606363237301225505,0,1,111291,T,A,0,2926000000,2,0,34707,25815219,NGF1
1606363312621222490,1606363312620303727,0,1,111294,T,N,0,2832000000,1,0,18544,25815435,NGH1
1606363312621222490,1606363312620303727,0,1,111293,T,B,0,2904000000,1,128,18544,25815435,NGG1
1606363312621222490,1606363312620303727,0,1,215880,T,N,0,72000000,1,0,18544,25815435,NGG1-NGH1
1606363341758483257,1606363341757812291,0,1,215880,T,N,0,73000000,1,0,27896,25815645,NGG1-NGH1
1606363341758483257,1606363341757812291,0,1,111293,T,B,0,2905000000,1,128,27896,25815645,NGG1
1606363341758483257,1606363341757812291,0,1,111294,T,N,0,2832000000,1,0,27896,25815645,NGH1
1606363341760954164,1606363341758500755,0,1,111294,T,B,0,2832000000,2,0,17552,25815650,NGH1
1606363362496954981,1606363362496502169,0,1,215879,T,B,0,94000000,1,0,17891,25815838,NGF1-NGH1
1606363386510807004,1606363386510290361,0,1,215879,T,B,0,94000000,1,0,17785,25816097,NGF1-NGH1
1606363442326779577,1606363442326230883,0,1,111291,T,A,0,2928000000,1,0,24130,25817493,NGF1
1606363493444168046,1606363493443502985,0,1,111291,T,N,0,2928000000,1,0,23040,25817728,NGF1
1606363493444168046,1606363493443502985,0,1,111293,T,B,0,2907000000,1,128,23040,25817728,NGG1
1606363493444168046,1606363493443502985,0,1,15228,T,N,0,21000000,1,0,23040,25817728,NGF1-NGG1
1606363496914568377,1606363496914118633,0,1,111291,T,B,0,2928000000,2,0,18185,25817823,NGF1
1606363562328545430,1606363562327920147,0,1,111291,T,B,0,2929000000,1,0,29359,25818007,NGF1
1606363657335457975,1606363657333990589,0,1,111291,T,B,0,2929000000,2,0,25168,25818061,NGF1
1606363668188376105,1606363668187919677,0,1,111291,T,B,0,2929000000,1,0,26164,25818088,NGF1
1606363668189958874,1606363668188400737,0,1,111291,T,B,0,2929000000,2,0,17719,25818091,NGF1
1606363675602954498,1606363675602452673,0,1,111291,T,A,0,2928000000,3,0,26185,25818260,NGF1
1606363675605633969,1606363675603708565,0,1,111291,T,B,0,2928000000,1,0,17394,25818307,NGF1
1606363675708550511,1606363675708274573,0,1,111291,T,B,0,2928000000,1,0,17971,25818448,NGF1
1606363742341237260,1606363742340554729,0,1,111291,T,B,0,2930000000,3,0,19295,25818672,NGF1
1606363772648403653,1606363772647943765,0,1,111291,T,B,0,2930000000,1,0,25709,25818866,NGF1
1606363772649113152,1606363772648430683,0,1,111294,T,B,0,2835000000,1,0,17268,25818869,NGH1
1606363772649113152,1606363772648430683,0,1,111294,T,B,0,2836000000,1,0,17268,25818869,NGH1
1606363772652002598,1606363772650465519,0,1,111291,T,B,0,2930000000,2,0,18253,25818938,NGF1
1606363773554350385,1606363773554020307,0,1,111291,T,A,0,2930000000,1,0,18261,25819554,NGF1
1606363773597719447,1606363773597454675,0,1,111291,T,B,0,2931000000,1,0,21686,25819594,NGF1
1606363773597783739,1606363773597457365,0,1,111291,T,B,0,2931000000,1,0,17972,25819596,NGF1
1606363773598052914,1606363773597728267,0,1,111291,T,B,0,2931000000,1,0,25064,25819601,NGF1
1606363773598379446,1606363773597788803,0,1,111291,T,B,0,2931000000,1,0,18302,25819607,NGF1
1606363778849105707,1606363778848661453,0,1,111291,T,A,0,2931000000,1,0,25079,25819905,NGF1
1606363779011719334,1606363779011439241,0,1,111291,T,A,0,2931000000,1,0,17746,25819995,NGF1
1606363780107595657,1606363780107255071,0,1,111291,T,A,0,2931000000,1,0,23656,25820065,NGF1
1606363780107996432,1606363780107703827,0,1,111291,T,A,0,2931000000,1,0,22630,25820078,NGF1
1606363815095333469,1606363815094695001,0,1,111291,T,B,0,2932000000,6,0,23846,25820695,NGF1
1606363815100996174,1606363815095342905,0,1,111293,T,B,0,2910000000,1,0,23030,25820704,NGG1
1606363815320657740,1606363815320300773,0,1,111291,T,A,0,2932000000,1,0,17451,25821389,NGF1
1606363821703130443,1606363821702615961,0,1,111291,T,B,0,2933000000,1,0,24028,25821776,NGF1
1606363821763227767,1606363821762974039,0,1,111291,T,B,0,2933000000,1,0,18069,25821826,NGF1
1606363829023850208,1606363829023547203,0,1,111291,T,B,0,2933000000,4,0,18290,25822009,NGF1
1606363830687575750,1606363830687121979,0,1,111291,T,B,0,2933000000,3,0,26545,25822132,NGF1
1606363830738526579,1606363830738067567,0,1,111291,T,N,0,2933000000,1,0,22569,25822193,NGF1
1606363830738526579,1606363830738067567,0,1,111298,T,N,0,2685000000,1,0,22569,25822193,NGK1
1606363830738526579,1606363830738067567,0,1,204941,T,A,0,248000000,1,128,22569,25822193,NGF1-NGK1
1606363830738803126,1606363830738073535,0,1,24512,T,B,0,132000000,1,0,26872,25822198,NGH1-NGJ1
1606363830738974366,1606363830738077729,0,1,215879,T,B,0,95000000,1,0,25117,25822199,NGF1-NGH1
1606363831958237451,1606363831957940653,0,1,111291,T,A,0,2933000000,1,0,18049,25822771,NGF1
1606363832357536023,1606363832357250311,0,1,111291,T,B,0,2934000000,2,0,18029,25822828,NGF1
1606363832398203708,1606363832397948019,0,1,111291,T,B,0,2934000000,1,0,17948,25822860,NGF1
1606363832628078704,1606363832627571151,0,1,111291,T,B,0,2935000000,1,0,18001,25822943,NGF1
1606363832628097232,1606363832627571151,0,1,111291,T,B,0,2935000000,3,0,19712,25822944,NGF1
1606363832628097232,1606363832627571151,0,1,111291,T,B,0,2935000000,1,0,19712,25822944,NGF1
1606363832628097232,1606363832627571151,0,1,111293,T,N,0,2912000000,1,0,19712,25822944,NGG1
1606363832628097232,1606363832627571151,0,1,15228,T,N,0,23000000,1,0,19712,25822944,NGF1-NGG1
1606363832636487688,1606363832636198721,0,1,111291,T,A,0,2934000000,1,0,18470,25823138,NGF1
1606363842905284499,1606363842904875159,0,1,111291,T,B,0,2934000000,3,0,18148,25823831,NGF1
1606363846121062209,1606363846120673575,0,1,111291,T,A,0,2934000000,1,0,17821,25823955,NGF1
1606363847676331619,1606363847675081871,0,1,111291,T,B,0,2934000000,2,0,20519,25824069,NGF1
1606363854863780784,1606363854863338009,0,1,111291,T,B,0,2934000000,1,0,23898,25824379,NGF1
1606363858381573409,1606363858381279177,0,1,111291,T,A,0,2933000000,1,0,18081,25824587,NGF1
1606363861996316053,1606363861995812417,0,1,111291,T,A,0,2933000000,1,0,18244,25824789,NGF1
1606363862125190709,1606363862124872945,0,1,111291,T,B,0,2934000000,2,0,17593,25824877,NGF1
1606363878756478754,1606363878755860961,0,1,111291,T,B,0,2934000000,3,0,24639,25825102,NGF1
1606363889797268866,1606363889796794601,0,1,111291,T,B,0,2935000000,2,0,18685,25825908,NGF1
1606363889799607042,1606363889799308017,0,1,111291,T,A,0,2935000000,1,0,23055,25825962,NGF1
1606363892457013038,1606363892456282429,0,1,111291,T,B,0,2936000000,1,0,23756,25826158,NGF1
1606363892463203118,1606363892460196317,0,1,111291,T,B,0,2936000000,1,0,17483,25826293,NGF1
1606363892569284261,1606363892569005817,0,1,111291,T,B,0,2936000000,1,0,17500,25826577,NGF1
1606363898189336200,1606363898188983477,0,1,111291,T,A,0,2935000000,1,0,18703,25826787,NGF1
1606363918040714526,1606363918039949819,0,1,111291,T,A,0,2935000000,2,0,18728,25827063,NGF1
1606363923208629784,1606363923207818725,0,1,111291,T,A,0,2935000000,1,0,23431,25827220,NGF1
1606363947359874124,1606363947358444259,0,1,111291,T,B,0,2935000000,2,0,22443,25827433,NGF1
1606363965819271936,1606363965818732285,0,1,111291,T,A,0,2934000000,1,0,18881,25827533,NGF1
1606363965819293340,1606363965818732285,0,1,111291,T,A,0,2934000000,1,0,17966,25827534,NGF1
1606363965820220939,1606363965819326721,0,1,111291,T,A,0,2934000000,4,0,19188,25827548,NGF1
1606363976412333566,1606363976412018933,0,1,111291,T,A,0,2933000000,1,0,17479,25828022,NGF1
1606363976412975697,1606363976412471123,0,1,111291,T,A,0,2933000000,1,0,19460,25828038,NGF1
1606364015284194588,1606364015283657007,0,1,111291,T,A,0,2932000000,1,0,22669,25828703,NGF1
1606364015289208422,1606364015288902543,0,1,111291,T,B,0,2933000000,3,0,18435,25828753,NGF1
1606364026423936459,1606364026423566311,0,1,111291,T,B,0,2933000000,1,0,25519,25829006,NGF1
1606364026424382130,1606364026423972003,0,1,111291,T,B,0,2933000000,1,0,17359,25829016,NGF1
1606364027370766876,1606364027370449095,0,1,111291,T,B,0,2934000000,2,0,21094,25829089,NGF1
1606364028429943006,1606364028429622873,0,1,111291,T,B,0,2934000000,1,0,18329,25829126,NGF1
1606364028743507172,1606364028743129761,0,1,111291,T,B,0,2934000000,2,0,19002,25829140,NGF1
1606364028743507172,1606364028743129761,0,1,111291,T,B,0,2935000000,1,0,19002,25829140,NGF1
1606364098578684493,1606364098578148217,0,1,111291,T,B,0,2935000000,2,0,19081,25829921,NGF1
1606364102375715633,1606364102375283703,0,1,111291,T,B,0,2935000000,2,0,27396,25830103,NGF1
1606364102376225536,1606364102375759259,0,1,111291,T,B,0,2935000000,1,0,18000,25830110,NGF1
1606364119333889481,1606364119333280421,0,1,111291,T,A,0,2935000000,1,0,26717,25830413,NGF1
1606364145248671680,1606364145248195417,0,1,111291,T,A,0,2935000000,1,0,20456,25830796,NGF1
1606364145249625406,1606364145248799651,0,1,111291,T,A,0,2934000000,4,0,18579,25830821,NGF1
1606364159897944094,1606364159897356919,0,1,111291,T,B,0,2935000000,1,0,26476,25830953,NGF1
1606364160628152379,1606364160627806217,0,1,111291,T,B,0,2935000000,1,0,23455,25831000,NGF1
1606364168228541177,1606364168227960885,0,1,111291,T,B,0,2936000000,1,0,24185,25831156,NGF1
1606364168228552161,1606364168227960885,0,1,111291,T,B,0,2936000000,2,0,19810,25831157,NGF1
1606364176214494481,1606364176213940553,0,1,111291,T,B,0,2936000000,2,0,34487,25831419,NGF1
1606364183468450299,1606364183466965467,0,1,111291,T,B,0,2937000000,4,0,34775,25831467,NGF1
1606364183468475699,1606364183466965467,0,1,111291,T,B,0,2937000000,1,0,22246,25831468,NGF1
1606364183468475699,1606364183466965467,0,1,215879,T,N,0,96000000,1,0,22246,25831468,NGF1-NGH1
1606364183468475699,1606364183466965467,0,1,111294,T,N,0,2841000000,1,0,22246,25831468,NGH1
1606364183470051140,1606364183468512081,0,1,111294,T,B,0,2841000000,1,0,16615,25831502,NGH1
1606364183470400112,1606364183468521617,0,1,111294,T,B,0,2841000000,1,0,17475,25831506,NGH1
1606364183471408733,1606364183469010085,0,1,111294,T,B,0,2841000000,1,0,17340,25831524,NGH1
1606364183473477653,1606364183470899507,0,1,24441,T,A,0,228000000,1,0,18575,25831571,NGF1-NGJ1
1606364183478372516,1606364183475976355,0,1,204979,T,B,0,20000000,1,0,18763,25831779,NGJ1-NGK1
1606364183752607502,1606364183752301581,0,1,111291,T,B,0,2938000000,1,0,17615,25832152,NGF1
1606364183821079000,1606364183820841581,0,1,111291,T,B,0,2938000000,1,0,17741,25832220,NGF1
1606364186184576029,1606364186184233821,0,1,111291,T,B,0,2938000000,3,0,21072,25832305,NGF1
1606364187185894577,1606364187184840261,0,1,111291,T,B,0,2938000000,1,0,27744,25832405,NGF1
1606364194636817702,1606364194636267185,0,1,111291,T,A,0,2937000000,1,0,30761,25832720,NGF1
1606364202411819025,1606364202411396087,0,1,111291,T,B,0,2937000000,1,0,29726,25833011,NGF1
1606364212958302247,1606364212957807697,0,1,111291,T,A,0,2936000000,1,0,24381,25833082,NGF1
1606364218530411354,1606364218529993751,0,1,111291,T,B,0,2937000000,3,0,17705,25833361,NGF1
1606364258694204325,1606364258693702721,0,1,111291,T,B,0,2937000000,1,0,24378,25834489,NGF1
1606364292418953781,1606364292418262623,0,1,111291,T,B,0,2937000000,1,0,38291,25834540,NGF1
1606364318280868531,1606364318280358389,0,1,111291,T,B,0,2937000000,1,0,30912,25834553,NGF1
1606364338247701531,1606364338247240939,0,1,111291,T,B,0,2937000000,1,0,29376,25834562,NGF1
1606364382426978153,1606364382426321871,0,1,111291,T,B,0,2937000000,1,0,32810,25834580,NGF1
1606364393261040705,1606364393260691501,0,1,111291,T,B,0,2937000000,1,0,18244,25834602,NGF1
1606364434171444886,1606364434170885577,0,1,111291,T,B,0,2938000000,1,0,26875,25835235,NGF1
1606364434174162189,1606364434173024215,0,1,111291,T,B,0,2938000000,1,0,19412,25835277,NGF1
1606364445282132888,1606364445281664133,0,1,111291,T,A,0,2938000000,1,0,20748,25835771,NGF1
1606364445282666755,1606364445282233581,0,1,111291,T,A,0,2938000000,1,0,18029,25835783,NGF1
1606364445283006534,1606364445282684445,0,1,111291,T,A,0,2938000000,1,0,18515,25835789,NGF1
1606364469973622499,1606364469973179713,0,1,111291,T,A,0,2938000000,1,0,23061,25836119,NGF1
1606364485849908413,1606364485849499517,0,1,111293,T,A,0,2916000000,1,0,17893,25836181,NGG1
1606364487439891535,1606364487438494385,0,1,111291,T,B,0,2939000000,1,0,30090,25836473,NGF1
1606364499081586624,1606364499081132903,0,1,111291,T,B,0,2939000000,1,0,18600,25836602,NGF1
1606364502819998176,1606364502819596007,0,1,111291,T,B,0,2939000000,3,0,19805,25836614,NGF1
1606364502820913298,1606364502820617511,0,1,111291,T,B,0,2939000000,1,0,17607,25836629,NGF1
1606364504478023303,1606364504477651343,0,1,111291,T,B,0,2939000000,1,0,24486,25836659,NGF1
1606364507176651994,1606364507176009931,0,1,111291,T,B,0,2940000000,1,0,26456,25836946,NGF1
1606364507176667162,1606364507176009931,0,1,111291,T,B,0,2940000000,1,0,19628,25836947,NGF1
1606364507176667162,1606364507176009931,0,1,111291,T,B,0,2940000000,2,0,19628,25836947,NGF1
1606364507176667162,1606364507176009931,0,1,111291,T,B,0,2940000000,1,0,19628,25836947,NGF1
1606364507178738982,1606364507178194665,0,1,111291,T,B,0,2940000000,3,0,19000,25836985,NGF1
1606364507474707366,1606364507474415251,0,1,111291,T,B,0,2940000000,1,0,17784,25837146,NGF1
1606364507516530887,1606364507516291179,0,1,111291,T,B,0,2940000000,1,0,17600,25837174,NGF1
1606364507554486188,1606364507554228477,0,1,111291,T,B,0,2940000000,2,0,17967,25837210,NGF1
1606364507554838199,1606364507554587693,0,1,111291,T,B,0,2940000000,4,0,17351,25837213,NGF1
1606364507554988495,1606364507554728075,0,1,111291,T,B,0,2940000000,1,0,18139,25837215,NGF1
1606364507555112315,1606364507554845267,0,1,111291,T,B,0,2940000000,1,0,17320,25837217,NGF1
1606364507555710586,1606364507554993585,0,1,111291,T,B,0,2940000000,1,0,17330,25837230,NGF1
1606364507555827778,1606364507555004359,0,1,111294,T,B,0,2844000000,1,128,18680,25837232,NGH1
1606364507555827778,1606364507555004359,0,1,24512,T,N,0,134000000,1,0,18680,25837232,NGH1-NGJ1
1606364507555827778,1606364507555004359,0,1,111296,T,N,0,2710000000,1,0,18680,25837232,NGJ1
1606364507559442015,1606364507556917011,0,1,111291,T,B,0,2940000000,1,0,18498,25837318,NGF1
1606364507560963152,1606364507559846171,0,1,111291,T,B,0,2940000000,1,0,17303,25837407,NGF1
1606364507603276133,1606364507602905355,0,1,111291,T,A,0,2940000000,1,0,23142,25837572,NGF1
1606364512431677107,1606364512431262471,0,1,111291,T,B,0,2940000000,2,0,27254,25837904,NGF1
1606364514747265306,1606364514746848025,0,1,111291,T,B,0,2940000000,3,0,23719,25838236,NGF1
1606364514747265306,1606364514746848025,0,1,111291,T,B,0,2941000000,1,0,23719,25838236,NGF1
1606364514769158460,1606364514768907569,0,1,111291,T,B,0,2941000000,1,0,17998,25838315,NGF1
