ts_recv,ts_event,rtype,publisher_id,instrument_id,action,side,depth,price,size,flags,ts_in_delta,sequence,symbol
1612738800283533609,1612738800000000000,0,1,91692,T,N,0,-38000000,1,4,17738,60858,NG:BF M1-N1-Q1
1612738800300543663,1612738800000000000,0,1,111294,T,N,0,2909000000,10,4,20803,60859,NGH1
1612738800300751658,1612738800000000000,0,1,24512,T,N,0,29000000,7,4,19717,60860,NGH1-NGJ1
1612738800301063858,1612738800000000000,0,1,204963,T,N,0,8000000,4,4,18938,60861,NGH1-NGK1
1612738800301248225,1612738800000000000,0,1,111296,T,N,0,2880000000,14,4,18913,60862,NGJ1
1612738800301431013,1612738800000000000,0,1,204979,T,N,0,-22000000,10,4,19280,60863,NGJ1-NGK1
1612738800301654125,1612738800000000000,0,1,111298,T,N,0,2895000000,1,4,19312,60864,NGK1
1612738800301732965,1612738800000000000,0,1,62831,T,N,0,-49000000,3,4,17785,60865,NGM1-NGN1
1612738800301862832,1612738800000000000,0,1,10746,T,N,0,-67000000,2,4,17633,60866,NGM1-NGQ1
1612738800413631388,1612738800020109505,0,1,111294,T,B,0,2910000000,7,4,18090,61197,NGH1
1612738800419043767,1612738800061898909,0,1,111294,T,B,0,2910000000,1,4,17947,61264,NGH1
1612738800433546757,1612738800102443657,0,1,61644,T,A,0,12250000,7,4,18500,61323,NGQ1-HHQ1
1612738800468798055,1612738800307252251,0,1,62831,T,N,0,-49000000,4,4,17876,61478,NGM1-NGN1
1612738800468798055,1612738800307252251,0,1,91692,T,N,0,-38000000,4,4,17876,61478,NG:BF M1-N1-Q1
1612738800468798055,1612738800307252251,0,1,15052,T,A,0,-11000000,4,4,17876,61478,NGN1-NGQ1
1612738800527418360,1612738800346600257,0,1,111294,T,B,0,2910000000,4,4,18903,62408,NGH1
1612738800527418360,1612738800346600257,0,1,111294,T,B,0,2912000000,1,4,18903,62408,NGH1
1612738800527418360,1612738800346600257,0,1,111294,T,B,0,2917000000,3,4,18903,62408,NGH1
1612738800527431352,1612738800346600257,0,1,111294,T,B,0,2917000000,1,4,18284,62409,NGH1
1612738800540458049,1612738800415957831,0,1,111294,T,A,0,2909000000,2,4,18242,62653,NGH1
1612738800543034437,1612738800430001401,0,1,111294,T,A,0,2910000000,1,4,18118,62703,NGH1
1612738800547085678,1612738800462857797,0,1,111294,T,B,0,2911000000,1,4,17217,62782,NGH1
1612738800569463466,1612738800547060065,0,1,111294,T,B,0,2912000000,1,4,22481,63268,NGH1
1612738801262893826,1612738801261040189,0,1,111294,T,A,0,2913000000,1,4,18605,64139,NGH1
1612738801545965428,1612738801540668361,0,1,111294,T,B,0,2916000000,1,4,19877,64765,NGH1
1612738801982473915,1612738801980849437,0,1,111294,T,B,0,2917000000,4,4,18878,64846,NGH1
1612738802271796189,1612738802270688125,0,1,111294,T,A,0,2913000000,1,4,17987,64889,NGH1
1612738802457296539,1612738802455573387,0,1,111294,T,B,0,2916000000,1,4,18001,64938,NGH1
1612738803008805742,1612738803002427273,0,1,111294,T,B,0,2917000000,15,4,18426,65047,NGH1
1612738803016389785,1612738803014654689,0,1,111294,T,B,0,2917000000,1,4,18773,65092,NGH1
1612738803017054431,1612738803015347437,0,1,111294,T,B,0,2917000000,1,4,23985,65093,NGH1
1612738803224383665,1612738803222894259,0,1,111294,T,A,0,2913000000,2,4,18182,65150,NGH1
1612738803808297345,1612738803807260387,0,1,111294,T,B,0,2916000000,1,4,18458,65218,NGH1
1612738804468199373,1612738804467131421,0,1,111294,T,A,0,2913000000,1,4,18005,65329,NGH1
1612738804563140851,1612738804562260271,0,1,111294,T,A,0,2913000000,3,4,18513,65366,NGH1
1612738805077574067,1612738805076278963,0,1,111294,T,A,0,2912000000,1,4,18317,65429,NGH1
1612738806642548598,1612738806640759685,0,1,111294,T,A,0,2912000000,1,4,18682,65699,NGH1
1612738806954855788,1612738806953360513,0,1,111294,T,A,0,2912000000,7,4,17964,65710,NGH1
1612738806955296544,1612738806953381397,0,1,111294,T,A,0,2912000000,2,4,18281,65712,NGH1
1612738807809563110,1612738807805984325,0,1,111294,T,A,0,2911000000,1,4,22689,65835,NGH1
1612738808309124665,1612738808308063917,0,1,111294,T,A,0,2911000000,1,4,18341,65901,NGH1
1612738808603135246,1612738808601083085,0,1,111294,T,B,0,2912000000,3,4,20512,65986,NGH1
1612738808815871643,1612738808814610585,0,1,111294,T,A,0,2911000000,1,4,18336,66039,NGH1
1612738809448981845,1612738809447047979,0,1,111294,T,B,0,2913000000,3,4,18553,66117,NGH1
1612738809450167018,1612738809449014791,0,1,111294,T,B,0,2914000000,5,4,18508,66124,NGH1
1612738810234262351,1612738810232643067,0,1,111294,T,B,0,2914000000,1,4,19213,66269,NGH1
1612738810699955777,1612738810698709279,0,1,111294,T,A,0,2913000000,3,4,18970,66346,NGH1
1612738811890368281,1612738811889000505,0,1,111294,T,B,0,2914000000,2,4,18771,66491,NGH1
1612738812012581285,1612738812011675477,0,1,111294,T,A,0,2912000000,1,4,17704,66576,NGH1
1612738813205861588,1612738813203954489,0,1,111294,T,A,0,2912000000,2,4,19063,66589,NGH1
1612738814489089682,1612738814486459337,0,1,111294,T,A,0,2911000000,7,4,20743,66721,NGH1
1612738814489089682,1612738814486459337,0,1,111294,T,A,0,2910000000,10,4,20743,66721,NGH1
1612738814489089682,1612738814486459337,0,1,111294,T,A,0,2909000000,6,4,20743,66721,NGH1
1612738814489089682,1612738814486459337,0,1,111294,T,A,0,2908000000,14,4,20743,66721,NGH1
1612738814492343704,1612738814489040323,0,1,111294,T,A,0,2907000000,1,4,18665,66753,NGH1
1612738814497045812,1612738814495193683,0,1,111294,T,B,0,2906000000,1,4,17562,66867,NGH1
1612738814512815660,1612738814502084703,0,1,111294,T,B,0,2907000000,3,4,21008,66923,NGH1
1612738814512815660,1612738814502084703,0,1,111294,T,B,0,2908000000,1,4,21008,66923,NGH1
1612738814512815660,1612738814502084703,0,1,111294,T,B,0,2910000000,1,4,21008,66923,NGH1
1612738814512815660,1612738814502084703,0,1,111294,T,B,0,2911000000,3,4,21008,66923,NGH1
1612738814512815660,1612738814502084703,0,1,111296,T,N,0,2879000000,1,4,21008,66923,NGJ1
1612738814512815660,1612738814502084703,0,1,111296,T,N,0,2881000000,1,4,21008,66923,NGJ1
1612738814512815660,1612738814502084703,0,1,111296,T,N,0,2882000000,1,4,21008,66923,NGJ1
1612738814512815660,1612738814502084703,0,1,24512,T,N,0,29000000,3,4,21008,66923,NGH1-NGJ1
1612738814513189311,1612738814508234925,0,1,111294,T,B,0,2907000000,1,4,19384,66933,NGH1
1612738814517427476,1612738814514897719,0,1,111296,T,A,0,2880000000,1,4,18086,67063,NGJ1
1612738814988066026,1612738814987153687,0,1,111294,T,A,0,2908000000,12,4,18317,67201,NGH1
1612738815456505021,1612738815454844587,0,1,111294,T,B,0,2910000000,1,4,18970,67547,NGH1
1612738816238687166,1612738816237817473,0,1,111294,T,B,0,2910000000,1,4,17776,67612,NGH1
1612738816247087499,1612738816246128067,0,1,111294,T,A,0,2908000000,3,4,18894,67638,NGH1
1612738816248375217,1612738816247217983,0,1,111294,T,B,0,2910000000,8,4,19171,67654,NGH1
1612738816249385207,1612738816248498745,0,1,111294,T,B,0,2910000000,1,4,18470,67683,NGH1
1612738816389047394,1612738816387628057,0,1,111294,T,B,0,2910000000,1,4,18860,67848,NGH1
1612738816389047394,1612738816387628057,0,1,111294,T,B,0,2911000000,4,4,18860,67848,NGH1
1612738817028950608,1612738817021608263,0,1,111294,T,B,0,2911000000,9,4,25208,67974,NGH1
1612738817028950608,1612738817021608263,0,1,111294,T,B,0,2912000000,1,4,25208,67974,NGH1
1612738817028950608,1612738817021608263,0,1,111294,T,B,0,2913000000,3,4,25208,67974,NGH1
1612738817028950608,1612738817021608263,0,1,111294,T,B,0,2914000000,12,4,25208,67974,NGH1
1612738817028950608,1612738817021608263,0,1,111294,T,B,0,2915000000,6,4,25208,67974,NGH1
1612738817028950608,1612738817021608263,0,1,111294,T,B,0,2916000000,3,4,25208,67974,NGH1
1612738817028950608,1612738817021608263,0,1,111294,T,B,0,2917000000,17,4,25208,67974,NGH1
1612738817028950608,1612738817021608263,0,1,111294,T,B,0,2918000000,1,4,25208,67974,NGH1
1612738817028950608,1612738817021608263,0,1,111294,T,B,0,2919000000,3,4,25208,67974,NGH1
1612738817028950608,1612738817021608263,0,1,111294,T,B,0,2920000000,15,4,25208,67974,NGH1
1612738817028950608,1612738817021608263,0,1,111296,T,N,0,2884000000,1,4,25208,67974,NGJ1
1612738817028950608,1612738817021608263,0,1,111296,T,N,0,2885000000,1,4,25208,67974,NGJ1
1612738817028950608,1612738817021608263,0,1,111296,T,N,0,2886000000,1,4,25208,67974,NGJ1
1612738817028950608,1612738817021608263,0,1,111296,T,N,0,2887000000,1,4,25208,67974,NGJ1
1612738817028950608,1612738817021608263,0,1,111296,T,N,0,2889000000,4,4,25208,67974,NGJ1
1612738817028950608,1612738817021608263,0,1,24512,T,N,0,29000000,5,4,25208,67974,NGH1-NGJ1
1612738817028950608,1612738817021608263,0,1,24512,T,N,0,30000000,3,4,25208,67974,NGH1-NGJ1
1612738817034571370,1612738817030011631,0,1,111294,T,B,0,2914000000,1,4,20142,68061,NGH1
1612738817034571370,1612738817030011631,0,1,111294,T,B,0,2915000000,1,4,20142,68061,NGH1
1612738817034571370,1612738817030011631,0,1,111294,T,B,0,2917000000,1,4,20142,68061,NGH1
1612738817034571370,1612738817030011631,0,1,111294,T,B,0,2920000000,5,4,20142,68061,NGH1
1612738817036371175,1612738817034644581,0,1,111294,T,B,0,2911000000,1,4,18397,68107,NGH1
1612738817036801678,1612738817034668281,0,1,111294,T,B,0,2911000000,1,4,20105,68110,NGH1
1612738817038354736,1612738817036820449,0,1,111294,T,B,0,2912000000,1,4,18974,68123,NGH1
1612738817040168328,1612738817038669743,0,1,111294,T,A,0,2911000000,1,4,18581,68133,NGH1
1612738817172298041,1612738817171363183,0,1,111294,T,A,0,2909000000,1,4,18535,68263,NGH1
1612738817173204500,1612738817171367831,0,1,111294,T,A,0,2909000000,1,4,18435,68265,NGH1
1612738817174597421,1612738817173737987,0,1,111294,T,B,0,2909000000,1,4,21188,68295,NGH1
1612738817175606435,1612738817174716019,0,1,111294,T,B,0,2909000000,2,4,18052,68309,NGH1
1612738817266252166,1612738817265272767,0,1,111294,T,B,0,2909000000,1,4,17789,68404,NGH1
1612738817267393420,1612738817266291961,0,1,111294,T,B,0,2909000000,1,4,18237,68408,NGH1
1612738817271771568,1612738817271124519,0,1,111294,T,B,0,2909000000,1,4,17695,68442,NGH1
1612738817279551478,1612738817278899021,0,1,111294,T,A,0,2909000000,1,4,18066,68467,NGH1
1612738817470963782,1612738817469861679,0,1,111294,T,B,0,2910000000,1,4,18119,68525,NGH1
1612738817780172815,1612738817778790645,0,1,111294,T,A,0,2911000000,1,4,18612,68638,NGH1
1612738817956524034,1612738817955843755,0,1,111294,T,B,0,2911000000,1,4,18348,68704,NGH1
1612738818071795381,1612738818071050101,0,1,111294,T,B,0,2912000000,1,4,18584,68719,NGH1
1612738818218394625,1612738818217756361,0,1,111294,T,A,0,2909000000,1,4,17611,68740,NGH1
1612738819139392947,1612738819138595999,0,1,111294,T,B,0,2914000000,2,4,22919,68759,NGH1
1612738819141838555,1612738819139366731,0,1,111294,T,A,0,2914000000,1,4,18565,68764,NGH1
1612738819142396502,1612738819139525109,0,1,111294,T,A,0,2914000000,1,4,19067,68774,NGH1
1612738820125665126,1612738820124483533,0,1,111294,T,B,0,2915000000,2,4,18350,68898,NGH1
1612738820127098160,1612738820125847295,0,1,111294,T,A,0,2915000000,1,4,17687,68912,NGH1
1612738820128638217,1612738820127377421,0,1,111294,T,A,0,2913000000,1,4,17182,68954,NGH1
1612738820418912515,1612738820417884827,0,1,111296,T,B,0,2885000000,1,4,18689,69006,NGJ1
1612738820487651030,1612738820486828901,0,1,111294,T,A,0,2910000000,1,4,17828,69042,NGH1
1612738821383015687,1612738821376095281,0,1,111294,T,A,0,2911000000,1,4,22640,69128,NGH1
1612738821383015687,1612738821376095281,0,1,111294,T,A,0,2910000000,8,4,22640,69128,NGH1
1612738821383015687,1612738821376095281,0,1,111294,T,A,0,2909000000,3,4,22640,69128,NGH1
1612738821383015687,1612738821376095281,0,1,111294,T,A,0,2908000000,2,4,22640,69128,NGH1
1612738821383015687,1612738821376095281,0,1,111294,T,A,0,2907000000,1,4,22640,69128,NGH1
1612738821383015687,1612738821376095281,0,1,111296,T,N,0,2882000000,1,4,22640,69128,NGJ1
1612738821383015687,1612738821376095281,0,1,111296,T,N,0,2881000000,1,4,22640,69128,NGJ1
1612738821383015687,1612738821376095281,0,1,111296,T,N,0,2880000000,1,4,22640,69128,NGJ1
1612738821383015687,1612738821376095281,0,1,24512,T,N,0,28000000,3,4,22640,69128,NGH1-NGJ1
1612738821384415569,1612738821383344137,0,1,111294,T,B,0,2907000000,1,4,18289,69169,NGH1
1612738821384620016,1612738821383345961,0,1,111294,T,A,0,2906000000,1,4,17871,69170,NGH1
1612738821385181132,1612738821383346237,0,1,111294,T,B,0,2907000000,1,4,18031,69174,NGH1
1612738821386112742,1612738821383347549,0,1,111294,T,A,0,2906000000,2,132,18819,69176,NGH1
1612738821386112742,1612738821383347549,0,1,24512,T,N,0,27000000,2,4,18819,69176,NGH1-NGJ1
1612738821386112742,1612738821383347549,0,1,111296,T,N,0,2879000000,2,4,18819,69176,NGJ1
1612738821387342236,1612738821384426691,0,1,111294,T,B,0,2907000000,1,4,17532,69210,NGH1
1612738821387751015,1612738821384692005,0,1,111294,T,B,0,2907000000,1,4,18147,69216,NGH1
1612738821387789351,1612738821385186277,0,1,111294,T,B,0,2907000000,1,4,19578,69217,NGH1
1612738821389473392,1612738821387799285,0,1,111294,T,N,0,2907000000,1,4,17964,69256,NGH1
1612738821389473392,1612738821387799285,0,1,111296,T,B,0,2881000000,1,132,17964,69256,NGJ1
1612738821389473392,1612738821387799285,0,1,24512,T,N,0,26000000,1,4,17964,69256,NGH1-NGJ1
1612738821389900691,1612738821387816295,0,1,111294,T,B,0,2907000000,1,4,17993,69262,NGH1
1612738821391277984,1612738821389911801,0,1,111294,T,B,0,2907000000,1,4,17577,69296,NGH1
1612738821403617026,1612738821398814299,0,1,111294,T,B,0,2907000000,7,4,23141,69427,NGH1
1612738821404778768,1612738821403630369,0,1,111294,T,B,0,2907000000,1,4,22853,69474,NGH1
1612738821439475218,1612738821438733921,0,1,111296,T,A,0,2879000000,1,4,18163,69592,NGJ1
1612738821456226372,1612738821454803981,0,1,111294,T,B,0,2907000000,1,4,17749,69595,NGH1
1612738821456454463,1612738821454937459,0,1,111296,T,A,0,2879000000,1,4,22475,69597,NGJ1
1612738821457003682,1612738821456481903,0,1,111294,T,B,0,2907000000,1,4,17952,69602,NGH1
1612738821512558202,1612738821511890597,0,1,111294,T,B,0,2907000000,1,4,17524,69645,NGH1
1612738821520666540,1612738821512894235,0,1,111294,T,B,0,2907000000,1,4,17780,69659,NGH1
1612738821615957616,1612738821615302801,0,1,111294,T,B,0,2907000000,1,4,19143,69715,NGH1
1612738821616937159,1612738821616301499,0,1,111294,T,B,0,2907000000,1,4,17780,69730,NGH1
1612738821716582823,1612738821715943285,0,1,111294,T,B,0,2907000000,1,4,19159,69758,NGH1
1612738821717134290,1612738821716609641,0,1,111294,T,B,0,2907000000,1,4,17708,69762,NGH1
1612738821817511194,1612738821816868261,0,1,111294,T,B,0,2907000000,1,4,17622,69802,NGH1
1612738821818023245,1612738821817521357,0,1,111294,T,B,0,2907000000,1,4,18054,69805,NGH1
1612738821918950228,1612738821918056071,0,1,111294,T,B,0,2907000000,1,4,17656,69872,NGH1
1612738821919477987,1612738821918960243,0,1,111294,T,B,0,2907000000,1,4,17789,69874,NGH1
1612738822005337837,1612738822004799537,0,1,111294,T,B,0,2907000000,1,4,18201,69920,NGH1
1612738822006240547,1612738822005725957,0,1,111294,T,B,0,2907000000,1,4,17792,69934,NGH1
1612738822395623848,1612738822394591033,0,1,111294,T,B,0,2907000000,3,4,18103,69998,NGH1
1612738822396869234,1612738822395633853,0,1,111294,T,B,0,2907000000,1,4,17933,70000,NGH1
1612738822762752357,1612738822761323527,0,1,111294,T,B,0,2907000000,1,4,18036,70059,NGH1
1612738822763298484,1612738822762762465,0,1,111294,T,B,0,2907000000,1,4,18563,70061,NGH1
1612738823727939627,1612738823727021679,0,1,111294,T,B,0,2907000000,1,4,18071,70176,NGH1
1612738823908956045,1612738823908386997,0,1,111294,T,B,0,2907000000,1,4,19089,70205,NGH1
1612738824001450436,1612738824000697515,0,1,111294,T,A,0,2906000000,1,4,17992,70236,NGH1
1612738824342420025,1612738824341820061,0,1,111294,T,A,0,2906000000,5,4,28225,70239,NGH1
1612738824391433450,1612738824390902773,0,1,111294,T,A,0,2906000000,1,4,18400,70298,NGH1
1612738824741943090,1612738824740487315,0,1,111294,T,A,0,2908000000,1,4,18703,70351,NGH1
1612738824892262527,1612738824891697765,0,1,111294,T,A,0,2908000000,2,4,18415,70382,NGH1
1612738825710002088,1612738825703961991,0,1,111296,T,N,0,2880000000,2,4,25246,70473,NGJ1
1612738825710002088,1612738825703961991,0,1,111296,T,N,0,2879000000,3,4,25246,70473,NGJ1
1612738825710002088,1612738825703961991,0,1,111298,T,N,0,2901000000,1,4,25246,70473,NGK1
1612738825710002088,1612738825703961991,0,1,41956,T,N,0,-3000000,1,4,25246,70473,NGQ1-NGV1
1612738825710002088,1612738825703961991,0,1,41958,T,N,0,-18000000,1,4,25246,70473,NGU1-NGV1
1612738825710002088,1612738825703961991,0,1,41958,T,N,0,-17000000,1,4,25246,70473,NGU1-NGV1
1612738825710002088,1612738825703961991,0,1,41756,T,N,0,-100000000,1,4,25246,70473,NGK1-NGV1
1612738825710002088,1612738825703961991,0,1,111311,T,A,0,3004000000,1,4,25246,70473,NGV1
1612738825710002088,1612738825703961991,0,1,111311,T,A,0,3002000000,1,4,25246,70473,NGV1
1612738825710002088,1612738825703961991,0,1,111311,T,A,0,3001000000,5,4,25246,70473,NGV1
1612738825710002088,1612738825703961991,0,1,111311,T,A,0,3000000000,3,4,25246,70473,NGV1
1612738825710002088,1612738825703961991,0,1,111305,T,N,0,2986000000,1,4,25246,70473,NGU1
1612738825710002088,1612738825703961991,0,1,111305,T,N,0,2984000000,1,4,25246,70473,NGU1
1612738825710002088,1612738825703961991,0,1,111303,T,N,0,2999000000,1,4,25246,70473,NGQ1
1612738825710002088,1612738825703961991,0,1,41645,T,N,0,-121000000,5,4,25246,70473,NGJ1-NGV1
1612738825716580080,1612738825710853689,0,1,111311,T,B,0,3000000000,6,4,18520,70579,NGV1
1612738825718073637,1612738825712070831,0,1,111311,T,N,0,3000000000,1,4,18191,70604,NGV1
1612738825718073637,1612738825712070831,0,1,41782,T,A,0,-59000000,1,132,18191,70604,NGM1-NGV1
1612738825718073637,1612738825712070831,0,1,111299,T,N,0,2941000000,1,4,18191,70604,NGM1
1612738825718362797,1612738825712070831,0,1,111311,T,N,0,3000000000,25,4,18644,70609,NGV1
1612738825718362797,1612738825712070831,0,1,41898,T,A,0,-10000000,1,4,18644,70609,NGN1-NGV1
1612738825718362797,1612738825712070831,0,1,41898,T,A,0,-11000000,24,132,18644,70609,NGN1-NGV1
1612738825718362797,1612738825712070831,0,1,111301,T,N,0,2990000000,1,4,18644,70609,NGN1
1612738825718362797,1612738825712070831,0,1,111301,T,N,0,2989000000,24,4,18644,70609,NGN1
1612738825718965656,1612738825713344305,0,1,62831,T,B,0,-48000000,4,4,17815,70617,NGM1-NGN1
1612738825724938021,1612738825718415857,0,1,111311,T,B,0,3000000000,1,4,17660,70708,NGV1
1612738825729628333,1612738825723853499,0,1,111294,T,A,0,2907000000,2,4,22625,70827,NGH1
1612738825731426794,1612738825727917201,0,1,111311,T,N,0,3000000000,3,4,23383,70854,NGV1
1612738825731426794,1612738825727917201,0,1,41645,T,A,0,-121000000,3,132,23383,70854,NGJ1-NGV1
1612738825731426794,1612738825727917201,0,1,111296,T,N,0,2879000000,3,4,23383,70854,NGJ1
1612738825732007124,1612738825730108819,0,1,62831,T,B,0,-48000000,1,4,19015,70860,NGM1-NGN1
1612738825732516016,1612738825730108819,0,1,15052,T,B,0,-11000000,1,4,22111,70861,NGN1-NGQ1
1612738825733473974,1612738825730108819,0,1,282784,T,B,0,14000000,1,4,19009,70862,NGQ1-NGU1
1612738825734544580,1612738825730108819,0,1,15052,T,B,0,-11000000,18,4,19598,70864,NGN1-NGQ1
1612738825734544580,1612738825730108819,0,1,15052,T,B,0,-10000000,7,4,19598,70864,NGN1-NGQ1
1612738825734711152,1612738825730108819,0,1,282784,T,B,0,14000000,25,4,28133,70865,NGQ1-NGU1
1612738825736884660,1612738825735095665,0,1,111311,T,N,0,3000000000,10,4,18872,70940,NGV1
1612738825736884660,1612738825735095665,0,1,111301,T,N,0,2989000000,10,4,18872,70940,NGN1
1612738825736884660,1612738825735095665,0,1,41898,T,A,0,-11000000,10,132,18872,70940,NGN1-NGV1
1612738825738531345,1612738825736937023,0,1,111311,T,B,0,3000000000,1,4,18228,70964,NGV1
1612738825739444771,1612738825737435549,0,1,15052,T,B,0,-10000000,10,4,17894,70985,NGN1-NGQ1
1612738825739972910,1612738825737435549,0,1,282784,T,B,0,14000000,10,4,18618,70987,NGQ1-NGU1
1612738825740959205,1612738825738951497,0,1,282784,T,B,0,14000000,17,4,20132,70989,NGQ1-NGU1
1612738825741164388,1612738825739040859,0,1,282784,T,B,0,14000000,12,4,27098,70990,NGQ1-NGU1
1612738825742157319,1612738825740203575,0,1,111311,T,N,0,3000000000,10,4,18032,70992,NGV1
1612738825742157319,1612738825740203575,0,1,41898,T,A,0,-11000000,10,132,18032,70992,NGN1-NGV1
1612738825742157319,1612738825740203575,0,1,111301,T,N,0,2989000000,10,4,18032,70992,NGN1
1612738825743433428,1612738825741687297,0,1,15052,T,B,0,-10000000,10,4,18751,70994,NGN1-NGQ1
1612738825743977079,1612738825741687297,0,1,282784,T,B,0,14000000,10,4,25819,70995,NGQ1-NGU1
1612738825745066649,1612738825744184495,0,1,111301,T,N,0,2989000000,6,4,18500,71005,NGN1
1612738825745066649,1612738825744184495,0,1,41898,T,A,0,-11000000,6,132,18500,71005,NGN1-NGV1
1612738825745066649,1612738825744184495,0,1,111311,T,N,0,3000000000,6,4,18500,71005,NGV1
1612738825745730452,1612738825744933449,0,1,10746,T,B,0,-60000000,1,4,18582,71014,NGM1-NGQ1
1612738825747041102,1612738825745534331,0,1,15052,T,B,0,-10000000,6,4,18597,71052,NGN1-NGQ1
1612738825747326713,1612738825745534331,0,1,41958,T,B,0,-17000000,6,4,17956,71055,NGU1-NGV1
1612738825751746353,1612738825750029079,0,1,15052,T,A,0,-12000000,1,4,18372,71076,NGN1-NGQ1
1612738826278541609,1612738826278046705,0,1,111296,T,A,0,2879000000,20,4,18850,71276,NGJ1
1612738826279495935,1612738826278564989,0,1,111296,T,A,0,2879000000,1,132,18324,71297,NGJ1
1612738826279495935,1612738826278564989,0,1,111294,T,N,0,2907000000,1,4,18324,71297,NGH1
1612738826279495935,1612738826278564989,0,1,24512,T,N,0,28000000,1,4,18324,71297,NGH1-NGJ1
1612738827175453459,1612738827174762971,0,1,111296,T,A,0,2877000000,2,4,26755,71452,NGJ1
1612738827485387708,1612738827484727137,0,1,111294,T,A,0,2904000000,1,4,18048,71807,NGH1
1612738827877961804,1612738827876077257,0,1,111294,T,A,0,2902000000,1,4,18907,72078,NGH1
1612738827877961804,1612738827876077257,0,1,111294,T,A,0,2901000000,1,4,18907,72078,NGH1
1612738827877979532,1612738827876077257,0,1,111294,T,A,0,2900000000,1,4,17062,72079,NGH1
1612738827878825842,1612738827876081325,0,1,111298,T,A,0,2896000000,7,4,19454,72083,NGK1
1612738827879429501,1612738827877186269,0,1,111294,T,B,0,2905000000,8,4,18100,72097,NGH1
1612738828209080668,1612738828208045251,0,1,111294,T,B,0,2905000000,2,4,17897,72395,NGH1
1612738828965205221,1612738828963981509,0,1,111294,T,A,0,2900000000,6,4,18526,72545,NGH1
1612738831113680450,1612738831112381905,0,1,111294,T,A,0,2900000000,5,4,17867,72979,NGH1
1612738831676912655,1612738831676321611,0,1,111294,T,A,0,2900000000,1,4,17854,73051,NGH1
1612738831677469094,1612738831676923223,0,1,111294,T,A,0,2900000000,1,4,18110,73054,NGH1
1612738831678126981,1612738831676980749,0,1,111294,T,A,0,2900000000,2,4,19129,73057,NGH1
1612738831678126981,1612738831676980749,0,1,111294,T,A,0,2899000000,2,4,19129,73057,NGH1
1612738831695059418,1612738831694568731,0,1,111294,T,A,0,2900000000,6,4,18648,73150,NGH1
1612738831695643637,1612738831695086957,0,1,111294,T,A,0,2900000000,1,4,18148,73159,NGH1
1612738832284182532,1612738832283382661,0,1,111294,T,A,0,2901000000,2,4,17534,73305,NGH1
1612738833236238835,1612738833235107653,0,1,111294,T,A,0,2901000000,1,4,18361,73418,NGH1
1612738833590543258,1612738833589252725,0,1,111294,T,A,0,2900000000,2,4,27042,73431,NGH1
1612738833591204153,1612738833590593435,0,1,111294,T,A,0,2899000000,1,4,23061,73438,NGH1
1612738833783242472,1612738833782164335,0,1,111294,T,A,0,2901000000,1,4,22646,73522,NGH1
1612738834079079590,1612738834078390793,0,1,111294,T,B,0,2902000000,2,4,23233,73612,NGH1
1612738838920737739,1612738838919193767,0,1,282784,T,A,0,14000000,30,4,24709,73918,NGQ1-NGU1
1612738838922600404,1612738838920478403,0,1,282784,T,A,0,14000000,5,4,19062,73920,NGQ1-NGU1
1612738839555409376,1612738839554493465,0,1,111294,T,A,0,2900000000,1,4,18692,74024,NGH1
1612738839556065095,1612738839555492639,0,1,111294,T,A,0,2899000000,1,4,17636,74030,NGH1
1612738840244778724,1612738840243538753,0,1,111294,T,B,0,2902000000,2,4,18141,74109,NGH1
1612738840246494213,1612738840245642737,0,1,111296,T,B,0,2874000000,2,4,18082,74140,NGJ1
1612738843155324358,1612738843153354473,0,1,41958,T,A,0,-18000000,59,4,25197,75841,NGU1-NGV1
1612738846115014669,1612738846113770991,0,1,111294,T,B,0,2903000000,1,4,24829,76267,NGH1
1612738846947027156,1612738846945796073,0,1,307493,T,B,0,186000000,1,4,23938,76279,NGG2-NGH2
1612738846950073967,1612738846949272551,0,1,126661,T,A,0,63000000,1,4,18281,76308,NGF2-NGG2
1612738846950510922,1612738846949272551,0,1,307492,T,B,0,248000000,1,4,18215,76310,NGF2-NGH2
1612738850755894231,1612738850754967637,0,1,111294,T,B,0,2903000000,1,4,17732,76778,NGH1
1612738857196552192,1612738857195928953,0,1,111296,T,A,0,2874000000,9,4,18541,77027,NGJ1
1612738857197283014,1612738857196773433,0,1,111296,T,B,0,2874000000,1,4,17737,77039,NGJ1
1612738857214332472,1612738857213390551,0,1,111296,T,B,0,2874000000,7,4,18478,77052,NGJ1
1612738857944406847,1612738857942184449,0,1,111296,T,N,0,2874000000,2,4,19488,77310,NGJ1
1612738857944406847,1612738857942184449,0,1,111294,T,B,0,2903000000,6,4,19488,77310,NGH1
1612738857944406847,1612738857942184449,0,1,111294,T,B,0,2904000000,1,4,19488,77310,NGH1
1612738857944406847,1612738857942184449,0,1,111294,T,B,0,2905000000,3,4,19488,77310,NGH1
1612738857944406847,1612738857942184449,0,1,24512,T,N,0,29000000,2,4,19488,77310,NGH1-NGJ1
1612738857947441382,1612738857946861855,0,1,111294,T,A,0,2901000000,1,4,17496,77347,NGH1
1612738858121531396,1612738858119742975,0,1,111294,T,A,0,2901000000,2,4,18493,77390,NGH1
1612738858121531396,1612738858119742975,0,1,111294,T,A,0,2900000000,6,4,18493,77390,NGH1
1612738858122496934,1612738858119935095,0,1,111294,T,A,0,2900000000,2,4,18285,77397,NGH1
1612738858123894247,1612738858119937315,0,1,111294,T,A,0,2899000000,1,4,18334,77402,NGH1
1612738858123894247,1612738858119937315,0,1,111294,T,A,0,2898000000,6,4,18334,77402,NGH1
1612738858123894247,1612738858119937315,0,1,24512,T,N,0,27000000,1,4,18334,77402,NGH1-NGJ1
1612738858123894247,1612738858119937315,0,1,111296,T,N,0,2872000000,1,4,18334,77402,NGJ1
1612738858127044278,1612738858125188441,0,1,111294,T,B,0,2901000000,1,4,17669,77498,NGH1
1612738858128678691,1612738858127247631,0,1,111294,T,A,0,2901000000,1,4,17951,77516,NGH1
1612738859226321261,1612738859224695093,0,1,15052,T,B,0,-11000000,2,4,22525,77735,NGN1-NGQ1
1612738859303498246,1612738859302674613,0,1,15052,T,A,0,-11000000,1,4,20796,77744,NGN1-NGQ1
1612738859304213713,1612738859303506225,0,1,15052,T,A,0,-11000000,1,4,22684,77746,NGN1-NGQ1
1612738860008296479,1612738860006913133,0,1,15052,T,B,0,-11000000,1,4,18414,77768,NGN1-NGQ1
1612738860495257976,1612738860494391263,0,1,111294,T,B,0,2904000000,1,4,19868,77774,NGH1
1612738861007807236,1612738861006915823,0,1,15052,T,B,0,-11000000,1,4,26206,77805,NGN1-NGQ1
1612738861350524549,1612738861349960587,0,1,111294,T,A,0,2900000000,5,4,27755,77808,NGH1
1612738861529860871,1612738861528279223,0,1,111294,T,N,0,2900000000,1,4,23793,77822,NGH1
1612738861529860871,1612738861528279223,0,1,111296,T,A,0,2871000000,1,4,23793,77822,NGJ1
1612738861529860871,1612738861528279223,0,1,24512,T,N,0,29000000,1,4,23793,77822,NGH1-NGJ1
1612738861533107945,1612738861532620333,0,1,111294,T,A,0,2899000000,1,4,17916,77860,NGH1
1612738861728728881,1612738861727924823,0,1,15052,T,B,0,-11000000,1,4,19233,77880,NGN1-NGQ1
1612738861729898419,1612738861729223647,0,1,15052,T,A,0,-11000000,1,4,18396,77884,NGN1-NGQ1
1612738861730315734,1612738861729270399,0,1,10746,T,B,0,-60000000,1,4,18129,77886,NGM1-NGQ1
1612738863627191430,1612738863625993713,0,1,111294,T,B,0,2904000000,4,4,23914,77979,NGH1
1612738863627191430,1612738863625993713,0,1,111294,T,B,0,2905000000,1,4,23914,77979,NGH1
1612738864934976322,1612738864930371523,0,1,115489,T,B,0,443000000,1,4,17700,78313,NGH2-NGJ2
1612738864994924995,1612738864992062397,0,1,111294,T,N,0,2901000000,2,4,18240,78546,NGH1
1612738864994924995,1612738864992062397,0,1,61550,T,N,0,11250000,2,4,18240,78546,NGH1-HHH1
1612738871380723402,1612738871379501439,0,1,15052,T,B,0,-11000000,1,4,18415,78864,NGN1-NGQ1
1612738872380223335,1612738872379503399,0,1,15052,T,B,0,-11000000,1,4,18455,78884,NGN1-NGQ1
1612738873622330337,1612738873621518693,0,1,111294,T,A,0,2901000000,1,4,22787,78912,NGH1
1612738875365582299,1612738875364626103,0,1,111294,T,A,0,2901000000,1,4,25762,79597,NGH1
1612738875366207590,1612738875365713455,0,1,111294,T,A,0,2901000000,1,4,19543,79601,NGH1
1612738876230897167,1612738876227842167,0,1,111294,T,A,0,2902000000,1,4,18163,79981,NGH1
1612738876233396066,1612738876231421665,0,1,111294,T,A,0,2901000000,1,4,17340,80016,NGH1
1612738876607377992,1612738876606031411,0,1,24512,T,A,0,27000000,1,4,18072,80602,NGH1-NGJ1
1612738877542517825,1612738877541719951,0,1,111294,T,A,0,2900000000,6,4,18928,80638,NGH1
1612738877543678435,1612738877542654789,0,1,111294,T,N,0,2900000000,1,4,18440,80647,NGH1
1612738877543678435,1612738877542654789,0,1,24512,T,B,0,27000000,1,132,18440,80647,NGH1-NGJ1
1612738877543678435,1612738877542654789,0,1,111296,T,N,0,2873000000,1,4,18440,80647,NGJ1
1612738877544943189,1612738877542659237,0,1,111296,T,N,0,2873000000,1,4,18406,80649,NGJ1
1612738877544943189,1612738877542659237,0,1,24512,T,B,0,27000000,1,132,18406,80649,NGH1-NGJ1
1612738877544943189,1612738877542659237,0,1,111294,T,N,0,2900000000,1,4,18406,80649,NGH1
1612738877546549098,1612738877545084491,0,1,111294,T,A,0,2899000000,2,4,17448,80676,NGH1
1612738877553448146,1612738877549503267,0,1,111294,T,A,0,2898000000,6,4,17700,80837,NGH1
1612738877553525761,1612738877549507529,0,1,111294,T,A,0,2898000000,6,4,17478,80839,NGH1
1612738877559787282,1612738877553495399,0,1,111294,T,A,0,2898000000,15,4,17527,80974,NGH1
1612738877567976560,1612738877566887453,0,1,111294,T,A,0,2898000000,6,4,17942,81162,NGH1
1612738878320306720,1612738878319770157,0,1,111294,T,A,0,2898000000,2,4,18605,81521,NGH1
1612738878637867249,1612738878637163639,0,1,111294,T,A,0,2898000000,2,4,17525,81589,NGH1
1612738878884772170,1612738878884313397,0,1,111294,T,A,0,2898000000,2,4,17662,81686,NGH1
1612738879570806524,1612738879570383481,0,1,111294,T,A,0,2898000000,1,4,23283,81764,NGH1
1612738879698559206,1612738879698146523,0,1,111294,T,A,0,2898000000,1,4,18553,82100,NGH1
1612738879937198600,1612738879936648563,0,1,111294,T,B,0,2900000000,1,4,18959,82132,NGH1
1612738881072093637,1612738881071197637,0,1,111296,T,B,0,2872000000,3,4,22893,82400,NGJ1
1612738881072880732,1612738881072109811,0,1,111294,T,B,0,2900000000,1,4,19972,82408,NGH1
1612738882072964813,1612738882072113283,0,1,111294,T,B,0,2901000000,1,4,24125,82843,NGH1
1612738883239531264,1612738883238432967,0,1,111294,T,N,0,2900000000,1,4,19038,83061,NGH1
1612738883239531264,1612738883238432967,0,1,111296,T,A,0,2872000000,1,132,19038,83061,NGJ1
1612738883239531264,1612738883238432967,0,1,24512,T,N,0,28000000,1,4,19038,83061,NGH1-NGJ1
1612738883903955029,1612738883903308957,0,1,111294,T,B,0,2902000000,2,4,23137,83075,NGH1
1612738883982249937,1612738883981259845,0,1,41645,T,A,0,-128000000,1,4,17936,83366,NGJ1-NGV1
1612738888608181199,1612738888607611693,0,1,111294,T,A,0,2902000000,1,4,19238,83660,NGH1
1612738888608768606,1612738888608258263,0,1,111294,T,A,0,2902000000,2,4,18224,83663,NGH1
1612738889921044896,1612738889918104119,0,1,111294,T,A,0,2902000000,1,4,19171,84094,NGH1
1612738892318883002,1612738892317852565,0,1,111296,T,A,0,2871000000,1,4,23507,84437,NGJ1
1612738892319825048,1612738892318848237,0,1,111296,T,A,0,2871000000,6,132,18445,84441,NGJ1
1612738892319825048,1612738892318848237,0,1,111294,T,N,0,2900000000,6,4,18445,84441,NGH1
1612738892319825048,1612738892318848237,0,1,24512,T,N,0,29000000,6,4,18445,84441,NGH1-NGJ1
1612738893847231805,1612738893846146301,0,1,24512,T,N,0,29000000,1,4,18332,84870,NGH1-NGJ1
1612738893847231805,1612738893846146301,0,1,111294,T,N,0,2900000000,1,4,18332,84870,NGH1
1612738893847231805,1612738893846146301,0,1,111296,T,A,0,2871000000,1,132,18332,84870,NGJ1
1612738897208467433,1612738897207502081,0,1,111294,T,A,0,2900000000,4,4,17547,85688,NGH1
1612738902742609482,1612738902740285703,0,1,307492,T,B,0,248000000,2,4,18000,86620,NGF2-NGH2
1612738902749487714,1612738902741795429,0,1,115489,T,B,0,444000000,1,4,19739,86655,NGH2-NGJ2
1612738902780782838,1612738902777967081,0,1,111296,T,A,0,2872000000,1,132,19312,86832,NGJ1
1612738902780782838,1612738902777967081,0,1,111298,T,N,0,2895000000,1,4,19312,86832,NGK1
1612738902780782838,1612738902777967081,0,1,204979,T,N,0,-23000000,1,4,19312,86832,NGJ1-NGK1
1612738902908455039,1612738902907856635,0,1,111294,T,B,0,2901000000,1,4,18057,87326,NGH1
1612738905511948630,1612738905509961597,0,1,111298,T,N,0,2896000000,1,4,20897,87420,NGK1
1612738905511948630,1612738905509961597,0,1,62831,T,N,0,-49000000,1,4,20897,87420,NGM1-NGN1
1612738905511948630,1612738905509961597,0,1,111299,T,B,0,2938000000,1,4,20897,87420,NGM1
1612738905511948630,1612738905509961597,0,1,111299,T,B,0,2940000000,1,4,20897,87420,NGM1
1612738905511948630,1612738905509961597,0,1,111305,T,N,0,2984000000,1,4,20897,87420,NGU1
1612738905511948630,1612738905509961597,0,1,34802,T,N,0,7000000,1,4,20897,87420,NG:BF K1-M1-N1
1612738905511948630,1612738905509961597,0,1,282765,T,N,0,-44000000,1,4,20897,87420,NGM1-NGU1
1612738905517086704,1612738905512401753,0,1,111299,T,A,0,2940000000,1,4,17280,87477,NGM1
1612738905517108620,1612738905512417175,0,1,111305,T,B,0,2982000000,1,132,19688,87479,NGU1
1612738905517108620,1612738905512417175,0,1,41958,T,N,0,-18000000,1,4,19688,87479,NGU1-NGV1
1612738905517108620,1612738905512417175,0,1,111311,T,N,0,3000000000,1,4,19688,87479,NGV1
1612738905519418348,1612738905512693391,0,1,111311,T,N,0,3000000000,1,4,19700,87521,NGV1
1612738905519418348,1612738905512693391,0,1,111299,T,N,0,2940000000,1,4,19700,87521,NGM1
1612738905519418348,1612738905512693391,0,1,41782,T,A,0,-60000000,1,132,19700,87521,NGM1-NGV1
1612738905520885097,1612738905517022945,0,1,10746,T,B,0,-58000000,1,4,19104,87551,NGM1-NGQ1
1612738905520904593,1612738905517022945,0,1,282784,T,B,0,14000000,1,4,18382,87553,NGQ1-NGU1
1612738905520939921,1612738905517022945,0,1,41958,T,B,0,-18000000,1,4,18066,87555,NGU1-NGV1
1612738905521527932,1612738905518466413,0,1,34802,T,N,0,7000000,1,4,18358,87570,NG:BF K1-M1-N1
1612738905521527932,1612738905518466413,0,1,62831,T,N,0,-49000000,1,4,18358,87570,NGM1-NGN1
1612738905521527932,1612738905518466413,0,1,121372,T,A,0,-42000000,1,132,18358,87570,NGK1-NGM1
1612738905522117731,1612738905518592335,0,1,41782,T,A,0,-60000000,1,132,17252,87586,NGM1-NGV1
1612738905522117731,1612738905518592335,0,1,111299,T,N,0,2940000000,1,4,17252,87586,NGM1
1612738905522117731,1612738905518592335,0,1,111311,T,N,0,3000000000,1,4,17252,87586,NGV1
1612738905523493253,1612738905519982159,0,1,282784,T,B,0,14000000,1,4,17694,87609,NGQ1-NGU1
1612738905523530877,1612738905519982159,0,1,41958,T,B,0,-18000000,1,4,17460,87611,NGU1-NGV1
1612738905524228351,1612738905520572021,0,1,111299,T,A,0,2940000000,1,4,22121,87630,NGM1
1612738905526107328,1612738905521243505,0,1,111299,T,A,0,2940000000,1,4,18371,87673,NGM1
1612738905526595419,1612738905521887661,0,1,111299,T,N,0,2940000000,1,4,17673,87685,NGM1
1612738905526595419,1612738905521887661,0,1,111305,T,A,0,2983000000,1,132,17673,87685,NGU1
1612738905526595419,1612738905521887661,0,1,282765,T,N,0,-43000000,1,4,17673,87685,NGM1-NGU1
1612738905531745042,1612738905523502759,0,1,10746,T,A,0,-58000000,1,4,17877,87729,NGM1-NGQ1
1612738905532008381,1612738905523591071,0,1,10725,T,B,0,-102000000,1,4,17544,87736,NGK1-NGQ1
1612738905536266126,1612738905526642733,0,1,111299,T,N,0,2940000000,1,4,19035,87815,NGM1
1612738905536266126,1612738905526642733,0,1,111311,T,N,0,3000000000,1,4,19035,87815,NGV1
1612738905536266126,1612738905526642733,0,1,41782,T,A,0,-60000000,1,132,19035,87815,NGM1-NGV1
1612738905536901925,1612738905527360231,0,1,10746,T,B,0,-58000000,1,4,21233,87828,NGM1-NGQ1
1612738905536921120,1612738905527360231,0,1,282784,T,B,0,14000000,1,4,17770,87830,NGQ1-NGU1
1612738905536952968,1612738905527360231,0,1,41958,T,B,0,-18000000,1,4,17275,87832,NGU1-NGV1
1612738905538122834,1612738905528772645,0,1,41782,T,A,0,-60000000,1,132,18464,87857,NGM1-NGV1
1612738905538122834,1612738905528772645,0,1,111311,T,N,0,3000000000,1,4,18464,87857,NGV1
1612738905538122834,1612738905528772645,0,1,111299,T,N,0,2940000000,1,4,18464,87857,NGM1
1612738905540665742,1612738905533577949,0,1,282784,T,B,0,14000000,1,4,18598,87910,NGQ1-NGU1
1612738905540693726,1612738905533577949,0,1,41958,T,B,0,-18000000,1,4,17704,87912,NGU1-NGV1
1612738905544829706,1612738905536312095,0,1,111299,T,N,0,2940000000,1,4,19907,88006,NGM1
1612738905544829706,1612738905536312095,0,1,282765,T,N,0,-42000000,1,4,19907,88006,NGM1-NGU1
1612738905544829706,1612738905536312095,0,1,111305,T,A,0,2982000000,1,132,19907,88006,NGU1
1612738905549550594,1612738905540673107,0,1,10746,T,A,0,-58000000,1,4,18392,88112,NGM1-NGQ1
1612738905549592870,1612738905540747419,0,1,10725,T,B,0,-102000000,1,4,16913,88115,NGK1-NGQ1
1612738905549642374,1612738905540758327,0,1,121372,T,A,0,-43000000,1,4,17753,88117,NGK1-NGM1
1612738905551915549,1612738905545160547,0,1,111299,T,N,0,2940000000,1,4,18300,88166,NGM1
1612738905551915549,1612738905545160547,0,1,111311,T,N,0,2999000000,1,4,18300,88166,NGV1
1612738905551915549,1612738905545160547,0,1,41782,T,A,0,-59000000,1,132,18300,88166,NGM1-NGV1
1612738905554285501,1612738905549276985,0,1,121372,T,N,0,-42000000,1,4,18083,88222,NGK1-NGM1
1612738905554285501,1612738905549276985,0,1,62831,T,B,0,-48000000,1,132,18083,88222,NGM1-NGN1
1612738905554285501,1612738905549276985,0,1,34802,T,N,0,6000000,1,4,18083,88222,NG:BF K1-M1-N1
1612738905554352949,1612738905549276985,0,1,282784,T,B,0,14000000,1,4,17912,88225,NGQ1-NGU1
1612738905554392997,1612738905549276985,0,1,41958,T,B,0,-18000000,1,4,17996,88227,NGU1-NGV1
1612738905564492571,1612738905563602813,0,1,41782,T,A,0,-60000000,1,132,18851,88296,NGM1-NGV1
1612738905564492571,1612738905563602813,0,1,111311,T,N,0,3000000000,1,4,18851,88296,NGV1
1612738905564492571,1612738905563602813,0,1,111299,T,N,0,2940000000,1,4,18851,88296,NGM1
1612738905565195158,1612738905564482615,0,1,10746,T,B,0,-58000000,1,4,18053,88300,NGM1-NGQ1
1612738905565540977,1612738905564482615,0,1,282784,T,B,0,14000000,1,4,17858,88302,NGQ1-NGU1
1612738905565834076,1612738905564482615,0,1,41958,T,B,0,-18000000,1,4,18289,88304,NGU1-NGV1
1612738905568185384,1612738905567432851,0,1,111299,T,N,0,2940000000,1,4,18219,88341,NGM1
1612738905568185384,1612738905567432851,0,1,111311,T,N,0,3000000000,1,4,18219,88341,NGV1
1612738905568185384,1612738905567432851,0,1,41782,T,A,0,-60000000,1,132,18219,88341,NGM1-NGV1
1612738905569059611,1612738905568186977,0,1,10746,T,B,0,-57000000,1,4,18387,88345,NGM1-NGQ1
1612738905569522830,1612738905568186977,0,1,282784,T,B,0,14000000,1,4,17919,88347,NGQ1-NGU1
1612738905569900673,1612738905568186977,0,1,41958,T,B,0,-18000000,1,4,20739,88349,NGU1-NGV1
1612738905572767984,1612738905571810521,0,1,41782,T,A,0,-60000000,1,132,18822,88383,NGM1-NGV1
1612738905572767984,1612738905571810521,0,1,111311,T,N,0,3000000000,1,4,18822,88383,NGV1
1612738905572767984,1612738905571810521,0,1,111299,T,N,0,2940000000,1,4,18822,88383,NGM1
1612738905573623294,1612738905572771079,0,1,10746,T,B,0,-57000000,1,4,18321,88385,NGM1-NGQ1
1612738905574306193,1612738905572771079,0,1,282784,T,B,0,14000000,1,4,18210,88387,NGQ1-NGU1
1612738905574828968,1612738905572771079,0,1,41958,T,B,0,-18000000,1,4,18554,88389,NGU1-NGV1
1612738905576955136,1612738905575960047,0,1,111299,T,N,0,2940000000,1,4,18951,88391,NGM1
1612738905576955136,1612738905575960047,0,1,111311,T,N,0,3000000000,1,4,18951,88391,NGV1
1612738905576955136,1612738905575960047,0,1,41782,T,A,0,-60000000,1,132,18951,88391,NGM1-NGV1
1612738905582310199,1612738905581593477,0,1,10746,T,B,0,-57000000,1,4,18703,88393,NGM1-NGQ1
1612738905582658582,1612738905581593477,0,1,282784,T,B,0,14000000,1,4,18328,88395,NGQ1-NGU1
1612738905582936302,1612738905581593477,0,1,41958,T,B,0,-18000000,1,4,18238,88397,NGU1-NGV1
1612738905584077092,1612738905583245731,0,1,41782,T,N,0,-59000000,1,4,18384,88400,NGM1-NGV1
1612738905584077092,1612738905583245731,0,1,111311,T,A,0,2999000000,1,132,18384,88400,NGV1
1612738905584077092,1612738905583245731,0,1,111299,T,N,0,2940000000,1,4,18384,88400,NGM1
1612738905584730502,1612738905584077739,0,1,10746,T,B,0,-57000000,1,4,17702,88402,NGM1-NGQ1
1612738905585106006,1612738905584077739,0,1,282784,T,B,0,15000000,1,4,17500,88404,NGQ1-NGU1
1612738905585350837,1612738905584077739,0,1,41958,T,B,0,-18000000,1,4,18037,88406,NGU1-NGV1
1612738905721685440,1612738905720574133,0,1,111299,T,A,0,2940000000,1,4,19191,88457,NGM1
1612738905724340539,1612738905722703397,0,1,111299,T,N,0,2940000000,1,4,20152,88520,NGM1
1612738905724340539,1612738905722703397,0,1,111305,T,N,0,2982000000,1,4,20152,88520,NGU1
1612738905724340539,1612738905722703397,0,1,282765,T,A,0,-42000000,1,132,20152,88520,NGM1-NGU1
1612738905725927744,1612738905723748729,0,1,62831,T,B,0,-48000000,1,4,18482,88550,NGM1-NGN1
1612738905725967268,1612738905723748729,0,1,282784,T,B,0,14000000,1,4,17283,88553,NGQ1-NGU1
1612738905922431626,1612738905920575417,0,1,111299,T,A,0,2940000000,1,4,18672,88723,NGM1
1612738905924446839,1612738905922532901,0,1,111299,T,N,0,2940000000,1,4,21773,88776,NGM1
1612738905924446839,1612738905922532901,0,1,111311,T,N,0,2999000000,1,4,21773,88776,NGV1
1612738905924446839,1612738905922532901,0,1,41782,T,A,0,-59000000,1,4,21773,88776,NGM1-NGV1
1612738905924615702,1612738905922671959,0,1,111299,T,N,0,2940000000,1,4,20323,88780,NGM1
1612738905924615702,1612738905922671959,0,1,282765,T,A,0,-42000000,1,132,20323,88780,NGM1-NGU1
1612738905924615702,1612738905922671959,0,1,111305,T,N,0,2982000000,1,4,20323,88780,NGU1
1612738905924998094,1612738905923020139,0,1,111299,T,A,0,2940000000,1,4,18332,88790,NGM1
1612738905925820656,1612738905923785775,0,1,10746,T,B,0,-57000000,1,4,17835,88805,NGM1-NGQ1
1612738905925878224,1612738905923785775,0,1,41958,T,B,0,-17000000,1,4,17482,88808,NGU1-NGV1
1612738905926236987,1612738905924438267,0,1,62831,T,B,0,-48000000,1,4,18789,88817,NGM1-NGN1
1612738908198230532,1612738908197534225,0,1,111294,T,B,0,2902000000,1,4,23124,89125,NGH1
1612738909735282648,1612738909734517239,0,1,111294,T,B,0,2902000000,1,4,22820,89157,NGH1
1612738909773075053,1612738909771909929,0,1,282784,T,A,0,14000000,30,4,22988,89160,NGQ1-NGU1
1612738909773650995,1612738909772937729,0,1,282784,T,A,0,14000000,1,4,21873,89162,NGQ1-NGU1
1612738913303978503,1612738913303059227,0,1,111294,T,B,0,2902000000,4,4,24190,89205,NGH1
1612738914599751346,1612738914598961211,0,1,111294,T,B,0,2903000000,1,4,25037,89252,NGH1
1612738920133765930,1612738920132169195,0,1,111294,T,B,0,2902000000,1,4,23091,89431,NGH1
1612738925633961764,1612738925632748723,0,1,111294,T,A,0,2900000000,4,4,18720,89636,NGH1
1612738925637368054,1612738925635095045,0,1,111299,T,N,0,2940000000,1,4,17743,89669,NGM1
1612738925637368054,1612738925635095045,0,1,111305,T,A,0,2982000000,1,132,17743,89669,NGU1
1612738925637368054,1612738925635095045,0,1,282765,T,N,0,-42000000,1,4,17743,89669,NGM1-NGU1
1612738925642258194,1612738925637421667,0,1,111299,T,A,0,2940000000,1,4,17816,89681,NGM1
1612738925642275258,1612738925637432173,0,1,111299,T,N,0,2940000000,1,4,17800,89683,NGM1
1612738925642275258,1612738925637432173,0,1,111294,T,N,0,2900000000,1,4,17800,89683,NGH1
1612738925642275258,1612738925637432173,0,1,121353,T,B,0,-40000000,1,132,17800,89683,NGH1-NGM1
1612738925642730525,1612738925637498617,0,1,111299,T,A,0,2940000000,1,4,19371,89689,NGM1
1612738927053430210,1612738927052604773,0,1,111294,T,B,0,2900000000,1,4,24743,89761,NGH1
1612738927054042297,1612738927053484977,0,1,111294,T,B,0,2900000000,7,4,22257,89764,NGH1
1612738927188100345,1612738927187539205,0,1,111294,T,A,0,2899000000,7,4,20299,89784,NGH1
1612738927190886440,1612738927188112721,0,1,111294,T,A,0,2899000000,1,132,19052,89788,NGH1
1612738927190886440,1612738927188112721,0,1,111299,T,N,0,2940000000,1,4,19052,89788,NGM1
1612738927190886440,1612738927188112721,0,1,121353,T,N,0,-41000000,1,4,19052,89788,NGH1-NGM1
1612738927191397951,1612738927188159533,0,1,111294,T,A,0,2898000000,3,4,23746,89797,NGH1
1612738927191606679,1612738927189045697,0,1,24512,T,A,0,27000000,1,4,17476,89802,NGH1-NGJ1
1612738927191640503,1612738927189045697,0,1,204979,T,A,0,-24000000,1,4,17320,89804,NGJ1-NGK1
1612738927191689883,1612738927189045697,0,1,121372,T,A,0,-43000000,1,4,17376,89806,NGK1-NGM1
1612738927192220918,1612738927190977387,0,1,111299,T,A,0,2940000000,1,4,19223,89819,NGM1
1612738928169825244,1612738928168734059,0,1,111299,T,N,0,2940000000,1,4,28320,89869,NGM1
1612738928169825244,1612738928168734059,0,1,111294,T,A,0,2899000000,1,4,28320,89869,NGH1
1612738928169825244,1612738928168734059,0,1,121353,T,N,0,-41000000,1,4,28320,89869,NGH1-NGM1
1612738928170619991,1612738928169807017,0,1,24512,T,A,0,27000000,1,4,22444,89873,NGH1-NGJ1
1612738928170949338,1612738928169807017,0,1,204979,T,A,0,-24000000,1,4,22370,89875,NGJ1-NGK1
1612738928171259178,1612738928169807017,0,1,121372,T,A,0,-43000000,1,4,22727,89877,NGK1-NGM1
1612738928171929561,1612738928169941217,0,1,111299,T,A,0,2940000000,1,4,17435,89890,NGM1
1612738928172430524,1612738928171264209,0,1,111299,T,N,0,2940000000,1,4,18418,89907,NGM1
1612738928172430524,1612738928171264209,0,1,121353,T,B,0,-41000000,1,132,18418,89907,NGH1-NGM1
1612738928172430524,1612738928171264209,0,1,111294,T,N,0,2899000000,1,4,18418,89907,NGH1
1612738928177697530,1612738928172434219,0,1,24512,T,A,0,27000000,1,4,18109,89945,NGH1-NGJ1
1612738928177784458,1612738928172434219,0,1,204979,T,A,0,-24000000,1,4,17283,89947,NGJ1-NGK1
1612738928177896474,1612738928172434219,0,1,121372,T,A,0,-43000000,1,132,17715,89949,NGK1-NGM1
1612738928177896474,1612738928172434219,0,1,62831,T,N,0,-49000000,1,4,17715,89949,NGM1-NGN1
1612738928177896474,1612738928172434219,0,1,34802,T,N,0,6000000,1,4,17715,89949,NG:BF K1-M1-N1
1612738929029191498,1612738929028222971,0,1,204979,T,N,0,-24000000,2,4,25173,90058,NGJ1-NGK1
1612738929029191498,1612738929028222971,0,1,111298,T,N,0,2895000000,2,4,25173,90058,NGK1
1612738929029191498,1612738929028222971,0,1,111296,T,A,0,2871000000,2,132,25173,90058,NGJ1
1612738929031750109,1612738929030248419,0,1,111299,T,A,0,2940000000,1,4,18817,90076,NGM1
1612738929032247332,1612738929030289591,0,1,111299,T,A,0,2940000000,1,4,29557,90085,NGM1
1612738929033923238,1612738929031787299,0,1,111299,T,A,0,2940000000,1,4,19198,90131,NGM1
1612738929531808894,1612738929529943333,0,1,111299,T,N,0,2940000000,2,4,19725,90447,NGM1
1612738929531808894,1612738929529943333,0,1,111298,T,A,0,2897000000,2,132,19725,90447,NGK1
1612738929531808894,1612738929529943333,0,1,34802,T,N,0,6000000,2,4,19725,90447,NG:BF K1-M1-N1
1612738929531808894,1612738929529943333,0,1,62831,T,N,0,-49000000,2,4,19725,90447,NGM1-NGN1
1612738930022854540,1612738930022153833,0,1,111294,T,A,0,2898000000,1,4,18088,90519,NGH1
1612738930834966014,1612738930833159811,0,1,111294,T,N,0,2899000000,3,4,20113,90555,NGH1
1612738930834966014,1612738930833159811,0,1,111294,T,N,0,2900000000,5,4,20113,90555,NGH1
1612738930834966014,1612738930833159811,0,1,111296,T,B,0,2872000000,3,4,20113,90555,NGJ1
1612738930834966014,1612738930833159811,0,1,111296,T,B,0,2873000000,5,132,20113,90555,NGJ1
1612738930834966014,1612738930833159811,0,1,24512,T,N,0,27000000,8,4,20113,90555,NGH1-NGJ1
1612738930850085867,1612738930849272229,0,1,24512,T,N,0,26000000,7,4,18572,90607,NGH1-NGJ1
1612738930850085867,1612738930849272229,0,1,111296,T,B,0,2874000000,7,132,18572,90607,NGJ1
1612738930850085867,1612738930849272229,0,1,111294,T,N,0,2900000000,7,4,18572,90607,NGH1
1612738930863535347,1612738930858842119,0,1,111299,T,A,0,2940000000,1,4,21766,90909,NGM1
1612738930871853432,1612738930869151435,0,1,111294,T,A,0,2898000000,1,4,17715,91093,NGH1
1612738930873165125,1612738930871916845,0,1,111294,T,A,0,2897000000,2,4,18172,91122,NGH1
1612738930873165125,1612738930871916845,0,1,111299,T,N,0,2940000000,1,4,18172,91122,NGM1
1612738930873165125,1612738930871916845,0,1,121353,T,N,0,-43000000,1,4,18172,91122,NGH1-NGM1
1612738930873871260,1612738930873170965,0,1,24512,T,A,0,26000000,1,4,18020,91131,NGH1-NGJ1
1612738930874201596,1612738930873170965,0,1,204979,T,A,0,-24000000,1,4,17329,91133,NGJ1-NGK1
1612738930874785611,1612738930873170965,0,1,62831,T,N,0,-49000000,1,4,18505,91135,NGM1-NGN1
1612738930874785611,1612738930873170965,0,1,34802,T,N,0,6000000,1,4,18505,91135,NG:BF K1-M1-N1
1612738930874785611,1612738930873170965,0,1,121372,T,A,0,-43000000,1,132,18505,91135,NGK1-NGM1
1612738930874926434,1612738930873177975,0,1,111299,T,A,0,2940000000,1,4,17852,91137,NGM1
1612738930971553861,1612738930970250667,0,1,111294,T,A,0,2898000000,1,4,17762,91439,NGH1
1612738931079896215,1612738931078994871,0,1,111294,T,A,0,2898000000,1,4,17689,91484,NGH1
1612738931581570789,1612738931580700077,0,1,111294,T,A,0,2898000000,1,4,19362,91546,NGH1
1612738931582068892,1612738931581634171,0,1,111294,T,A,0,2897000000,1,4,17926,91557,NGH1
1612738931784213114,1612738931783797451,0,1,111294,T,B,0,2899000000,1,4,17656,91743,NGH1
1612738931875244698,1612738931874848679,0,1,111294,T,B,0,2899000000,1,4,17906,91773,NGH1
1612738931880114097,1612738931879741431,0,1,111294,T,B,0,2900000000,1,4,18021,91857,NGH1
1612738933305012310,1612738933304332935,0,1,111294,T,A,0,2899000000,1,4,22206,91901,NGH1
1612738933779258476,1612738933778452627,0,1,111298,T,N,0,2895000000,3,4,18570,91926,NGK1
1612738933779258476,1612738933778452627,0,1,111311,T,N,0,3000000000,3,4,18570,91926,NGV1
1612738933779258476,1612738933778452627,0,1,41756,T,A,0,-105000000,3,132,18570,91926,NGK1-NGV1
1612738934149338339,1612738934148763887,0,1,111294,T,B,0,2900000000,2,4,22604,92087,NGH1
1612738934235493315,1612738934234284759,0,1,111294,T,A,0,2898000000,2,4,19537,92089,NGH1
1612738934235493315,1612738934234284759,0,1,111294,T,A,0,2897000000,1,4,19537,92089,NGH1
1612738934235493315,1612738934234284759,0,1,111299,T,N,0,2940000000,1,4,19537,92089,NGM1
1612738934235493315,1612738934234284759,0,1,121353,T,N,0,-43000000,1,4,19537,92089,NGH1-NGM1
1612738934236359521,1612738934235488259,0,1,24512,T,A,0,25000000,1,4,17921,92093,NGH1-NGJ1
1612738934236672385,1612738934235488259,0,1,204979,T,A,0,-24000000,1,4,17313,92095,NGJ1-NGK1
1612738934236975728,1612738934235488259,0,1,121372,T,A,0,-43000000,1,4,18948,92097,NGK1-NGM1
1612738934261399769,1612738934260756471,0,1,111294,T,B,0,2900000000,1,4,18098,92370,NGH1
1612738934281780517,1612738934280292959,0,1,111299,T,N,0,2940000000,3,4,21731,92373,NGM1
1612738934281780517,1612738934280292959,0,1,111298,T,A,0,2897000000,3,132,21731,92373,NGK1
1612738934281780517,1612738934280292959,0,1,34802,T,N,0,6000000,3,4,21731,92373,NG:BF K1-M1-N1
1612738934281780517,1612738934280292959,0,1,62831,T,N,0,-49000000,3,4,21731,92373,NGM1-NGN1
1612738934470672378,1612738934469739317,0,1,111294,T,B,0,2900000000,2,4,18178,92564,NGH1
1612738934942446415,1612738934941119411,0,1,111294,T,B,0,2900000000,3,4,18499,92621,NGH1
1612738936840010554,1612738936838969417,0,1,111294,T,B,0,2900000000,7,4,18230,92905,NGH1
1612738936840507901,1612738936839179001,0,1,111311,T,B,0,3000000000,3,4,18262,92914,NGV1
1612738936842383858,1612738936840020337,0,1,111294,T,B,0,2900000000,4,4,17843,92955,NGH1
1612738937363334015,1612738937361790821,0,1,111294,T,A,0,2899000000,1,4,19829,93242,NGH1
1612738937363334015,1612738937361790821,0,1,111294,T,A,0,2898000000,2,4,19829,93242,NGH1
1612738937363334015,1612738937361790821,0,1,111294,T,A,0,2897000000,1,4,19829,93242,NGH1
1612738937363334015,1612738937361790821,0,1,24512,T,N,0,25000000,1,4,19829,93242,NGH1-NGJ1
1612738937363334015,1612738937361790821,0,1,111296,T,N,0,2873000000,1,4,19829,93242,NGJ1
1612738937364810701,1612738937363793739,0,1,24512,T,B,0,27000000,2,4,17854,93280,NGH1-NGJ1
1612738938130185568,1612738938129496433,0,1,111294,T,A,0,2898000000,4,4,18047,93982,NGH1
1612738938131782613,1612738938130379907,0,1,111294,T,N,0,2898000000,2,4,25066,93986,NGH1
1612738938131782613,1612738938130379907,0,1,24512,T,N,0,28000000,2,4,25066,93986,NGH1-NGJ1
1612738938131782613,1612738938130379907,0,1,111296,T,A,0,2873000000,7,4,25066,93986,NGJ1
1612738938131782613,1612738938130379907,0,1,111296,T,A,0,2871000000,7,4,25066,93986,NGJ1
1612738938131782613,1612738938130379907,0,1,111296,T,A,0,2870000000,3,4,25066,93986,NGJ1
1612738938131782613,1612738938130379907,0,1,111298,T,N,0,2895000000,7,4,25066,93986,NGK1
1612738938131782613,1612738938130379907,0,1,204979,T,N,0,-24000000,7,4,25066,93986,NGJ1-NGK1
1612738938132223301,1612738938131256819,0,1,111294,T,A,0,2898000000,1,4,16765,93997,NGH1
1612738938632936867,1612738938632160581,0,1,111294,T,A,0,2899000000,2,4,18335,94673,NGH1
1612738939457810233,1612738939457254343,0,1,111294,T,B,0,2900000000,1,4,19260,94792,NGH1
1612738939734942602,1612738939734299845,0,1,111294,T,B,0,2900000000,1,4,22222,94806,NGH1
1612738944349516798,1612738944348503761,0,1,61550,T,A,0,11000000,20,4,18392,94889,NGH1-HHH1
1612738944509856744,1612738944509270139,0,1,209631,T,A,0,-56000000,4,4,18392,94898,NGV1-NGX1
1612738944865751513,1612738944865384377,0,1,111294,T,B,0,2899000000,1,4,17731,94942,NGH1
1612738945404603863,1612738945404143021,0,1,111294,T,A,0,2897000000,1,4,17489,94976,NGH1
1612738945645899360,1612738945644761183,0,1,111294,T,B,0,2899000000,2,4,19986,95014,NGH1
1612738945799240972,1612738945798771649,0,1,111294,T,A,0,2896000000,4,4,18745,95026,NGH1
1612738945801238800,1612738945800874115,0,1,111294,T,A,0,2896000000,2,4,18468,95039,NGH1
1612738949199025979,1612738949198453151,0,1,111298,T,B,0,2893000000,1,4,17694,95192,NGK1
1612738951098341821,1612738951097598859,0,1,111294,T,B,0,2898000000,2,4,18729,95300,NGH1
1612738957792072703,1612738957791295051,0,1,111294,T,B,0,2898000000,2,4,19580,95393,NGH1
1612738958062765056,1612738958062259331,0,1,111294,T,B,0,2898000000,1,4,17774,95448,NGH1
1612738960463984117,1612738960461745597,0,1,111294,T,N,0,2898000000,4,4,19120,95473,NGH1
1612738960463984117,1612738960461745597,0,1,61550,T,N,0,11000000,4,4,19120,95473,NGH1-HHH1
1612738964869641730,1612738964868815907,0,1,111294,T,A,0,2898000000,1,4,22530,95547,NGH1
1612738970825997863,1612738970825149999,0,1,111296,T,A,0,2870000000,1,4,22623,95694,NGJ1
1612738971010046095,1612738971009127743,0,1,111294,T,B,0,2899000000,2,4,18206,95766,NGH1
1612738971113306183,1612738971112963289,0,1,111294,T,B,0,2899000000,1,4,18670,95782,NGH1
1612738973406901127,1612738973406017415,0,1,111294,T,A,0,2898000000,1,4,17491,95856,NGH1
1612738980003464468,1612738980002351657,0,1,111294,T,N,0,2898000000,1,4,18271,95987,NGH1
1612738980003464468,1612738980002351657,0,1,111296,T,A,0,2870000000,1,132,18271,95987,NGJ1
1612738980003464468,1612738980002351657,0,1,24512,T,N,0,28000000,1,4,18271,95987,NGH1-NGJ1
1612738980657336432,1612738980655552671,0,1,111294,T,N,0,2898000000,1,4,24333,96105,NGH1
1612738980657336432,1612738980655552671,0,1,61550,T,N,0,11000000,1,4,24333,96105,NGH1-HHH1
1612738984627419973,1612738984625709757,0,1,61550,T,N,0,11000000,1,4,24278,96179,NGH1-HHH1
1612738984627419973,1612738984625709757,0,1,111294,T,A,0,2897000000,2,4,24278,96179,NGH1
1612738984627419973,1612738984625709757,0,1,111294,T,A,0,2896000000,3,4,24278,96179,NGH1
1612738985588740702,1612738985587671571,0,1,111294,T,N,0,2897000000,2,4,19050,96239,NGH1
1612738985588740702,1612738985587671571,0,1,24512,T,N,0,28000000,2,4,19050,96239,NGH1-NGJ1
1612738985588740702,1612738985587671571,0,1,111296,T,A,0,2869000000,2,132,19050,96239,NGJ1
1612738986493861571,1612738986492282837,0,1,111294,T,B,0,2897000000,2,4,26599,96335,NGH1
1612738986509397103,1612738986508935281,0,1,111294,T,A,0,2897000000,1,4,18087,96364,NGH1
1612738987509385963,1612738987508936837,0,1,111294,T,A,0,2897000000,1,4,18101,96402,NGH1
1612738987526435735,1612738987525979809,0,1,111294,T,B,0,2898000000,5,4,17954,96408,NGH1
1612738992702805049,1612738992701952041,0,1,111294,T,A,0,2898000000,1,4,18296,96501,NGH1
1612738997034272155,1612738997033551573,0,1,111294,T,B,0,2899000000,1,4,23664,96581,NGH1
1612738998205494713,1612738998205121241,0,1,111294,T,B,0,2899000000,1,4,23373,96595,NGH1
1612738998514902807,1612738998513749107,0,1,111294,T,A,0,2898000000,5,4,24455,96598,NGH1
1612738998514902807,1612738998513749107,0,1,61550,T,N,0,11000000,1,4,24455,96598,NGH1-HHH1
1612738999019125736,1612738999018506043,0,1,111296,T,A,0,2870000000,1,4,18248,96647,NGJ1
1612739000480087993,1612739000479088835,0,1,111296,T,A,0,2869000000,3,132,18963,96687,NGJ1
1612739000480087993,1612739000479088835,0,1,111294,T,N,0,2897000000,3,4,18963,96687,NGH1
1612739000480087993,1612739000479088835,0,1,24512,T,N,0,28000000,3,4,18963,96687,NGH1-NGJ1
1612739003740329930,1612739003739754767,0,1,111294,T,A,0,2897000000,1,4,18353,96752,NGH1
1612739003741042449,1612739003740638525,0,1,111294,T,B,0,2898000000,6,4,18570,96759,NGH1
1612739003741728692,1612739003740752823,0,1,111294,T,N,0,2897000000,2,4,19540,96765,NGH1
1612739003741728692,1612739003740752823,0,1,24512,T,N,0,28000000,2,4,19540,96765,NGH1-NGJ1
1612739003741728692,1612739003740752823,0,1,111296,T,A,0,2869000000,2,132,19540,96765,NGJ1
1612739004740644058,1612739004739756017,0,1,111294,T,A,0,2897000000,1,4,18582,96816,NGH1
1612739004745191026,1612739004744286403,0,1,111294,T,N,0,2897000000,1,4,18440,96822,NGH1
1612739004745191026,1612739004744286403,0,1,111296,T,A,0,2869000000,1,132,18440,96822,NGJ1
1612739004745191026,1612739004744286403,0,1,24512,T,N,0,28000000,1,4,18440,96822,NGH1-NGJ1
1612739005174590924,1612739005173451901,0,1,111294,T,A,0,2897000000,1,4,17983,96864,NGH1
1612739005181765146,1612739005181368291,0,1,111294,T,B,0,2898000000,5,4,18029,96873,NGH1
1612739005247128824,1612739005246414967,0,1,111294,T,A,0,2897000000,2,4,19082,96876,NGH1
1612739005247128824,1612739005246414967,0,1,111294,T,A,0,2896000000,4,4,19082,96876,NGH1
1612739011160497845,1612739011158837147,0,1,111294,T,A,0,2896000000,1,4,18497,97309,NGH1
1612739011512820434,1612739011511156879,0,1,111294,T,A,0,2896000000,4,4,25426,97314,NGH1
1612739011512820434,1612739011511156879,0,1,111294,T,A,0,2895000000,1,4,25426,97314,NGH1
1612739011512820434,1612739011511156879,0,1,111294,T,A,0,2894000000,1,4,25426,97314,NGH1
1612739011512831833,1612739011511156879,0,1,111294,T,A,0,2894000000,1,4,20680,97315,NGH1
1612739011512831833,1612739011511156879,0,1,111294,T,A,0,2894000000,1,4,20680,97315,NGH1
1612739011512831833,1612739011511156879,0,1,111294,T,A,0,2893000000,2,4,20680,97315,NGH1
1612739011682762385,1612739011682291135,0,1,111294,T,A,0,2894000000,1,4,18052,97416,NGH1
1612739011721195158,1612739011720768273,0,1,111294,T,A,0,2894000000,1,4,18677,97504,NGH1
1612739011869266555,1612739011868807427,0,1,111294,T,A,0,2894000000,1,4,18316,97514,NGH1
1612739011873959819,1612739011873411827,0,1,111294,T,A,0,2894000000,2,4,19971,97518,NGH1
1612739011873959819,1612739011873411827,0,1,111294,T,A,0,2893000000,1,4,19971,97518,NGH1
1612739015626558856,1612739015624961443,0,1,111294,T,A,0,2893000000,30,4,33017,97641,NGH1
1612739015626558856,1612739015624961443,0,1,24512,T,N,0,26000000,1,4,33017,97641,NGH1-NGJ1
1612739015626558856,1612739015624961443,0,1,111296,T,N,0,2867000000,1,4,33017,97641,NGJ1
1612739015629992841,1612739015627825395,0,1,111299,T,A,0,2935000000,1,4,17661,97719,NGM1
1612739018853180629,1612739018851872005,0,1,111294,T,B,0,2895000000,1,4,19392,98438,NGH1
1612739018853180629,1612739018851872005,0,1,111294,T,B,0,2896000000,4,4,19392,98438,NGH1
1612739018853180629,1612739018851872005,0,1,111294,T,B,0,2897000000,2,4,19392,98438,NGH1
1612739021083571775,1612739021082277983,0,1,111294,T,N,0,2894000000,2,4,19346,98860,NGH1
1612739021083571775,1612739021082277983,0,1,111296,T,A,0,2866000000,2,4,19346,98860,NGJ1
1612739021083571775,1612739021082277983,0,1,24512,T,N,0,28000000,2,4,19346,98860,NGH1-NGJ1
1612739021155241235,1612739021154437601,0,1,24512,T,B,0,27000000,1,4,18125,99023,NGH1-NGJ1
1612739021257974050,1612739021257582709,0,1,111294,T,A,0,2895000000,1,4,17559,99052,NGH1
1612739024720451983,1612739024719313345,0,1,111294,T,N,0,2894000000,2,4,18887,99265,NGH1
1612739024720451983,1612739024719313345,0,1,24512,T,N,0,28000000,2,4,18887,99265,NGH1-NGJ1
1612739024720451983,1612739024719313345,0,1,111296,T,A,0,2866000000,2,4,18887,99265,NGJ1
1612739027593889577,1612739027593150639,0,1,111294,T,A,0,2893000000,3,4,17835,99375,NGH1
1612739029691709254,1612739029690526315,0,1,111294,T,N,0,2894000000,1,4,21873,99479,NGH1
1612739029691709254,1612739029690526315,0,1,111296,T,A,0,2866000000,1,132,21873,99479,NGJ1
1612739029691709254,1612739029690526315,0,1,24512,T,N,0,28000000,1,4,21873,99479,NGH1-NGJ1
1612739031318944106,1612739031317151323,0,1,61550,T,A,0,11000000,8,4,26508,99570,NGH1-HHH1
1612739032145152559,1612739032144151927,0,1,24512,T,N,0,28000000,1,4,19560,99644,NGH1-NGJ1
1612739032145152559,1612739032144151927,0,1,111296,T,A,0,2866000000,1,132,19560,99644,NGJ1
1612739032145152559,1612739032144151927,0,1,111294,T,N,0,2894000000,1,4,19560,99644,NGH1
1612739033156858437,1612739033155278973,0,1,61550,T,A,0,10750000,8,4,18144,99727,NGH1-HHH1
1612739037385850886,1612739037385138459,0,1,111294,T,B,0,2894000000,1,4,22729,99912,NGH1
1612739037801752920,1612739037801076189,0,1,204979,T,A,0,-24000000,8,4,23698,99952,NGJ1-NGK1
1612739038237533029,1612739038236044117,0,1,24512,T,B,0,27000000,5,4,18702,100056,NGH1-NGJ1
1612739039848416030,1612739039847306869,0,1,204979,T,N,0,-25000000,2,4,20862,100268,NGJ1-NGK1
1612739039848416030,1612739039847306869,0,1,111296,T,N,0,2868000000,2,4,20862,100268,NGJ1
1612739039848416030,1612739039847306869,0,1,111298,T,B,0,2893000000,2,132,20862,100268,NGK1
1612739041239528452,1612739041236545891,0,1,111296,T,A,0,2865000000,7,4,20791,100424,NGJ1
1612739041239528452,1612739041236545891,0,1,111296,T,A,0,2864000000,2,4,20791,100424,NGJ1
1612739041239528452,1612739041236545891,0,1,111296,T,A,0,2863000000,1,4,20791,100424,NGJ1
1612739041239528452,1612739041236545891,0,1,24512,T,N,0,28000000,8,4,20791,100424,NGH1-NGJ1
1612739041239528452,1612739041236545891,0,1,111294,T,N,0,2893000000,7,4,20791,100424,NGH1
1612739041239528452,1612739041236545891,0,1,111294,T,N,0,2892000000,1,4,20791,100424,NGH1
1612739041243275573,1612739041239934183,0,1,111296,T,N,0,2862000000,1,4,20242,100483,NGJ1
1612739041243275573,1612739041239934183,0,1,111296,T,N,0,2863000000,24,4,20242,100483,NGJ1
1612739041243275573,1612739041239934183,0,1,111299,T,N,0,2935000000,25,4,20242,100483,NGM1
1612739041243275573,1612739041239934183,0,1,121360,T,B,0,-73000000,1,4,20242,100483,NGJ1-NGM1
1612739041243275573,1612739041239934183,0,1,121360,T,B,0,-72000000,24,132,20242,100483,NGJ1-NGM1
1612739041245450429,1612739041241077989,0,1,111299,T,A,0,2935000000,1,4,22080,100539,NGM1
1612739041247145342,1612739041241523727,0,1,111299,T,N,0,2935000000,1,4,18647,100562,NGM1
1612739041247145342,1612739041241523727,0,1,10746,T,N,0,-58000000,1,4,18647,100562,NGM1-NGQ1
1612739041247145342,1612739041241523727,0,1,111303,T,A,0,2993000000,1,132,18647,100562,NGQ1
1612739041248854327,1612739041243411437,0,1,204979,T,A,0,-25000000,17,4,18231,100610,NGJ1-NGK1
1612739041248854327,1612739041243411437,0,1,204979,T,A,0,-26000000,8,4,18231,100610,NGJ1-NGK1
1612739041248912374,1612739041243435531,0,1,111299,T,A,0,2935000000,1,4,17362,100613,NGM1
1612739041250117112,1612739041244431817,0,1,111299,T,N,0,2935000000,1,4,18004,100642,NGM1
1612739041250117112,1612739041244431817,0,1,121360,T,B,0,-72000000,1,132,18004,100642,NGJ1-NGM1
1612739041250117112,1612739041244431817,0,1,111296,T,N,0,2863000000,1,4,18004,100642,NGJ1
1612739041251971601,1612739041245493293,0,1,111299,T,N,0,2935000000,1,4,18352,100683,NGM1
1612739041251971601,1612739041245493293,0,1,62831,T,N,0,-48000000,1,4,18352,100683,NGM1-NGN1
1612739041251971601,1612739041245493293,0,1,111301,T,A,0,2983000000,1,132,18352,100683,NGN1
1612739041255884494,1612739041249247753,0,1,62831,T,N,0,-49000000,1,4,18345,100792,NGM1-NGN1
1612739041255884494,1612739041249247753,0,1,34802,T,N,0,6000000,1,4,18345,100792,NG:BF K1-M1-N1
1612739041255884494,1612739041249247753,0,1,121372,T,A,0,-43000000,1,132,18345,100792,NGK1-NGM1
1612739041255963810,1612739041249258645,0,1,204979,T,B,0,-25000000,3,4,18058,100798,NGJ1-NGK1
1612739041260157982,1612739041253841243,0,1,111299,T,N,0,2935000000,20,4,17672,100900,NGM1
1612739041260157982,1612739041253841243,0,1,111296,T,N,0,2863000000,20,4,17672,100900,NGJ1
1612739041260157982,1612739041253841243,0,1,121360,T,B,0,-72000000,20,132,17672,100900,NGJ1-NGM1
1612739041265627948,1612739041257983863,0,1,204979,T,A,0,-25000000,10,4,18796,101019,NGJ1-NGK1
1612739041265627948,1612739041257983863,0,1,204979,T,A,0,-26000000,10,4,18796,101019,NGJ1-NGK1
1612739041265750920,1612739041257983863,0,1,121372,T,A,0,-43000000,20,132,23963,101021,NGK1-NGM1
1612739041265750920,1612739041257983863,0,1,34802,T,N,0,6000000,20,4,23963,101021,NG:BF K1-M1-N1
1612739041265750920,1612739041257983863,0,1,62831,T,N,0,-49000000,20,4,23963,101021,NGM1-NGN1
1612739041269559093,1612739041262297847,0,1,111299,T,N,0,2935000000,1,4,17919,101114,NGM1
1612739041269559093,1612739041262297847,0,1,111294,T,N,0,2892000000,1,4,17919,101114,NGH1
1612739041269559093,1612739041262297847,0,1,121353,T,B,0,-43000000,1,132,17919,101114,NGH1-NGM1
1612739041269760136,1612739041263106749,0,1,24512,T,A,0,27000000,1,4,17627,101121,NGH1-NGJ1
1612739041269790140,1612739041263106749,0,1,204979,T,A,0,-25000000,1,4,17107,101123,NGJ1-NGK1
1612739041269828024,1612739041263106749,0,1,62831,T,N,0,-49000000,1,4,17741,101125,NGM1-NGN1
1612739041269828024,1612739041263106749,0,1,34802,T,N,0,6000000,1,4,17741,101125,NG:BF K1-M1-N1
1612739041269828024,1612739041263106749,0,1,121372,T,A,0,-43000000,1,132,17741,101125,NGK1-NGM1
1612739041271007106,1612739041265659555,0,1,111299,T,N,0,2935000000,1,4,17713,101169,NGM1
1612739041271007106,1612739041265659555,0,1,121360,T,B,0,-72000000,1,132,17713,101169,NGJ1-NGM1
1612739041271007106,1612739041265659555,0,1,111296,T,N,0,2863000000,1,4,17713,101169,NGJ1
1612739041271040838,1612739041265664093,0,1,204979,T,A,0,-25000000,2,4,17429,101172,NGJ1-NGK1
1612739041271212990,1612739041266204909,0,1,121372,T,A,0,-44000000,1,4,18713,101185,NGK1-NGM1
1612739041271250022,1612739041266209371,0,1,204979,T,A,0,-25000000,1,4,17148,101187,NGJ1-NGK1
1612739041272602767,1612739041268242695,0,1,111296,T,N,0,2863000000,3,4,18041,101228,NGJ1
1612739041272602767,1612739041268242695,0,1,121360,T,B,0,-72000000,3,132,18041,101228,NGJ1-NGM1
1612739041272602767,1612739041268242695,0,1,111299,T,N,0,2935000000,3,4,18041,101228,NGM1
1612739041273489465,1612739041268956863,0,1,204979,T,A,0,-25000000,3,4,17508,101252,NGJ1-NGK1
1612739042058565788,1612739042057396665,0,1,204979,T,A,0,-25000000,5,4,18563,101616,NGJ1-NGK1
1612739042767368980,1612739042766648165,0,1,111294,T,A,0,2890000000,1,4,23712,101683,NGH1
1612739042767378107,1612739042766648165,0,1,111294,T,A,0,2890000000,2,4,19221,101684,NGH1
1612739042902551775,1612739042902136139,0,1,111294,T,A,0,2890000000,1,4,19558,101715,NGH1
1612739043030445748,1612739043030012571,0,1,111294,T,A,0,2890000000,1,4,20245,101719,NGH1
1612739043094657648,1612739043094046757,0,1,111294,T,B,0,2892000000,1,4,23151,101723,NGH1
1612739043112254547,1612739043111347229,0,1,111294,T,N,0,2890000000,1,4,23783,101726,NGH1
1612739043112254547,1612739043111347229,0,1,111296,T,A,0,2861000000,9,4,23783,101726,NGJ1
1612739043112254547,1612739043111347229,0,1,24512,T,N,0,29000000,1,4,23783,101726,NGH1-NGJ1
1612739043114669751,1612739043113126985,0,1,111296,T,B,0,2861000000,1,4,17528,101783,NGJ1
1612739043116068468,1612739043113437407,0,1,111296,T,B,0,2861000000,1,4,22530,101805,NGJ1
1612739043124025038,1612739043118819327,0,1,111296,T,B,0,2861000000,1,4,18578,101972,NGJ1
1612739044034454735,1612739044033719883,0,1,111294,T,A,0,2889000000,1,4,18086,102276,NGH1
1612739044315169735,1612739044314106323,0,1,111296,T,B,0,2861000000,8,4,17889,102334,NGJ1
1612739044712562740,1612739044711253219,0,1,111294,T,B,0,2889000000,8,4,18533,102427,NGH1
1612739044949345008,1612739044948940717,0,1,111294,T,B,0,2889000000,1,4,18123,102528,NGH1
1612739045410485415,1612739045409293517,0,1,15052,T,A,0,-11000000,7,4,18682,102607,NGN1-NGQ1
1612739045840860425,1612739045838077217,0,1,61550,T,A,0,10750000,9,4,17699,102750,NGH1-HHH1
1612739048375374231,1612739048373829789,0,1,111294,T,N,0,2887000000,3,4,19516,102833,NGH1
1612739048375374231,1612739048373829789,0,1,111296,T,A,0,2858000000,3,4,19516,102833,NGJ1
1612739048375374231,1612739048373829789,0,1,24512,T,N,0,29000000,3,4,19516,102833,NGH1-NGJ1
1612739048422065302,1612739048421661205,0,1,111296,T,B,0,2858000000,1,4,17873,103077,NGJ1
1612739049958038426,1612739049957279779,0,1,111294,T,A,0,2886000000,2,4,26002,103313,NGH1
1612739049958048962,1612739049957279779,0,1,111294,T,A,0,2886000000,1,4,21800,103314,NGH1
1612739051604906164,1612739051604149363,0,1,111294,T,B,0,2887000000,2,4,17531,103380,NGH1
1612739052165758658,1612739052164994075,0,1,204979,T,B,0,-25000000,1,4,22893,103541,NGJ1-NGK1
1612739054768002478,1612739054767231591,0,1,24512,T,B,0,28000000,5,4,18269,103627,NGH1-NGJ1
1612739055080046752,1612739055079579055,0,1,111294,T,A,0,2887000000,2,4,18218,103699,NGH1
1612739055398938561,1612739055398318425,0,1,111294,T,B,0,2887000000,1,4,24445,103765,NGH1
1612739055849516061,1612739055848873101,0,1,111294,T,B,0,2887000000,3,4,18184,103792,NGH1
1612739056894882927,1612739056894255451,0,1,111294,T,A,0,2887000000,1,4,17799,103907,NGH1
1612739058580316179,1612739058579666287,0,1,111294,T,A,0,2887000000,1,4,23378,103984,NGH1
1612739063953265706,1612739063952533245,0,1,111294,T,B,0,2889000000,1,4,18350,104070,NGH1
1612739063955039351,1612739063953312725,0,1,111294,T,B,0,2889000000,1,4,17931,104073,NGH1
1612739064063880055,1612739064063456535,0,1,111294,T,B,0,2890000000,1,4,17791,104167,NGH1
1612739066994680390,1612739066994066261,0,1,111294,T,B,0,2891000000,1,4,18170,104284,NGH1
1612739067000903039,1612739066995635801,0,1,111294,T,B,0,2891000000,2,4,17473,104289,NGH1
1612739070952460329,1612739070949761071,0,1,111294,T,N,0,2889000000,2,4,23425,104352,NGH1
1612739070952460329,1612739070949761071,0,1,111294,T,N,0,2888000000,3,4,23425,104352,NGH1
1612739070952460329,1612739070949761071,0,1,24512,T,N,0,29000000,5,4,23425,104352,NGH1-NGJ1
1612739070952460329,1612739070949761071,0,1,111296,T,A,0,2860000000,4,4,23425,104352,NGJ1
1612739070952460329,1612739070949761071,0,1,111296,T,A,0,2859000000,4,4,23425,104352,NGJ1
1612739070953886735,1612739070952506981,0,1,111296,T,B,0,2859000000,1,4,17125,104400,NGJ1
1612739070955004061,1612739070952557407,0,1,111296,T,N,0,2859000000,1,4,21970,104425,NGJ1
1612739070955004061,1612739070952557407,0,1,24512,T,N,0,29000000,1,4,21970,104425,NGH1-NGJ1
1612739070955004061,1612739070952557407,0,1,111294,T,B,0,2888000000,1,132,21970,104425,NGH1
1612739070956121370,1612739070952858507,0,1,111296,T,B,0,2859000000,1,4,18825,104455,NGJ1
1612739070960375946,1612739070955018423,0,1,111296,T,B,0,2859000000,1,4,23689,104531,NGJ1
1612739070964097324,1612739070960385605,0,1,111296,T,B,0,2859000000,1,4,18631,104613,NGJ1
1612739070971434166,1612739070969296649,0,1,111296,T,B,0,2859000000,6,4,22525,104774,NGJ1
1612739080135714134,1612739080134568789,0,1,111294,T,B,0,2891000000,4,4,28569,105004,NGH1
1612739080136820439,1612739080136256569,0,1,111294,T,B,0,2892000000,3,4,22622,105018,NGH1
1612739080732219051,1612739080730714417,0,1,111296,T,A,0,2865000000,1,4,18530,105283,NGJ1
1612739080735890324,1612739080733124175,0,1,121372,T,B,0,-43000000,4,4,17490,105370,NGK1-NGM1
1612739080825930625,1612739080825472065,0,1,111296,T,A,0,2861000000,1,4,19709,105462,NGJ1
1612739086867992933,1612739086867079995,0,1,111294,T,A,0,2889000000,1,4,17392,105564,NGH1
1612739088211673229,1612739088211286745,0,1,111294,T,B,0,2891000000,1,4,19432,105731,NGH1
1612739088212208660,1612739088211737939,0,1,111294,T,B,0,2891000000,1,4,17523,105739,NGH1
1612739095839361649,1612739095837751179,0,1,121372,T,N,0,-43000000,3,4,18609,106111,NGK1-NGM1
1612739095839361649,1612739095837751179,0,1,34802,T,N,0,6000000,3,4,18609,106111,NG:BF K1-M1-N1
1612739095839361649,1612739095837751179,0,1,62831,T,B,0,-49000000,3,132,18609,106111,NGM1-NGN1
1612739096214850081,1612739096214044907,0,1,62831,T,B,0,-49000000,3,132,18881,106284,NGM1-NGN1
1612739096214850081,1612739096214044907,0,1,34802,T,N,0,6000000,3,4,18881,106284,NG:BF K1-M1-N1
1612739096214850081,1612739096214044907,0,1,121372,T,N,0,-43000000,3,4,18881,106284,NGK1-NGM1
1612739096215761080,1612739096214861691,0,1,121372,T,B,0,-43000000,19,4,18982,106286,NGK1-NGM1
1612739096315587313,1612739096314700105,0,1,121372,T,N,0,-43000000,1,4,19634,106408,NGK1-NGM1
1612739096315587313,1612739096314700105,0,1,34802,T,N,0,6000000,1,4,19634,106408,NG:BF K1-M1-N1
1612739096315587313,1612739096314700105,0,1,62831,T,B,0,-49000000,1,4,19634,106408,NGM1-NGN1
1612739098740526238,1612739098738707893,0,1,204979,T,B,0,-24000000,1,4,18089,106812,NGJ1-NGK1
1612739099941223558,1612739099940259501,0,1,204979,T,B,0,-24000000,1,4,18505,107117,NGJ1-NGK1
1612739099942105069,1612739099941483669,0,1,10725,T,A,0,-103000000,1,4,18000,107136,NGK1-NGQ1
1612739100287079091,1612739100286644765,0,1,111294,T,B,0,2891000000,1,4,18258,107242,NGH1
1612739100391920483,1612739100390955285,0,1,111294,T,B,0,2891000000,1,4,18808,107372,NGH1
1612739100478927763,1612739100478600301,0,1,111294,T,B,0,2891000000,1,4,18024,107415,NGH1
1612739101024934913,1612739101024409033,0,1,111294,T,A,0,2890000000,1,4,19119,107487,NGH1
1612739105074643268,1612739105073509171,0,1,111294,T,B,0,2893000000,7,4,19035,107694,NGH1
1612739105074643268,1612739105073509171,0,1,111294,T,B,0,2894000000,1,4,19035,107694,NGH1
1612739107154415198,1612739107153509885,0,1,111294,T,B,0,2894000000,1,4,18527,108256,NGH1
1612739107823985383,1612739107823538549,0,1,111294,T,B,0,2894000000,3,4,21585,108339,NGH1
1612739111227391226,1612739111226931191,0,1,111294,T,A,0,2892000000,1,4,18100,108879,NGH1
1612739114716370377,1612739114715611949,0,1,111294,T,A,0,2892000000,1,4,21279,109436,NGH1
1612739114717429443,1612739114716400363,0,1,111294,T,A,0,2892000000,1,4,22348,109460,NGH1
1612739117200005117,1612739117199187741,0,1,24512,T,B,0,28000000,10,4,18284,109835,NGH1-NGJ1
1612739119975579103,1612739119974969313,0,1,111294,T,B,0,2892000000,5,4,17465,110003,NGH1
1612739129195022549,1612739129193696685,0,1,62831,T,A,0,-49000000,5,4,24410,110469,NGM1-NGN1
1612739129198317947,1612739129197453759,0,1,15052,T,A,0,-11000000,1,4,17545,110548,NGN1-NGQ1
1612739129199388213,1612739129198594287,0,1,15052,T,B,0,-11000000,1,4,17723,110574,NGN1-NGQ1
1612739129239336660,1612739129238546155,0,1,15052,T,B,0,-11000000,3,4,23686,110582,NGN1-NGQ1
1612739132840561299,1612739132839381561,0,1,111294,T,A,0,2891000000,2,4,20159,110692,NGH1
1612739136649388472,1612739136647229419,0,1,121372,T,A,0,-43000000,10,4,26639,110981,NGK1-NGM1
1612739139414043018,1612739139413363151,0,1,111294,T,A,0,2890000000,2,4,23746,111091,NGH1
1612739139414553437,1612739139414048143,0,1,111294,T,A,0,2890000000,3,4,22963,111096,NGH1
1612739143882974849,1612739143882079735,0,1,111294,T,B,0,2891000000,1,4,23674,111498,NGH1
1612739144686365331,1612739144685878493,0,1,111294,T,A,0,2890000000,3,4,23127,111522,NGH1
1612739144686738826,1612739144686393387,0,1,111294,T,A,0,2890000000,4,4,20088,111524,NGH1
1612739147964951356,1612739147964230373,0,1,111294,T,A,0,2890000000,1,4,21383,111776,NGH1
1612739149746768353,1612739149746073917,0,1,111294,T,A,0,2889000000,1,4,25349,111854,NGH1
1612739154054840098,1612739154053947583,0,1,111294,T,B,0,2889000000,1,4,23731,111989,NGH1
1612739156879433942,1612739156878796131,0,1,111294,T,B,0,2890000000,1,4,18422,112069,NGH1
1612739156881248707,1612739156880821965,0,1,111294,T,B,0,2890000000,3,4,18047,112075,NGH1
1612739158800633939,1612739158799970285,0,1,111294,T,A,0,2889000000,1,4,17815,112269,NGH1
1612739158800899318,1612739158800007373,0,1,111294,T,A,0,2889000000,1,4,20771,112275,NGH1
1612739158801891068,1612739158800925977,0,1,111294,T,A,0,2889000000,1,4,18062,112299,NGH1
1612739160077373263,1612739160076632493,0,1,111294,T,B,0,2890000000,1,4,17644,112434,NGH1
1612739160528094817,1612739160527578511,0,1,111294,T,B,0,2891000000,3,4,24052,112452,NGH1
1612739161469768048,1612739161469355419,0,1,111294,T,A,0,2889000000,1,4,18830,112497,NGH1
1612739165283387578,1612739165282624535,0,1,111294,T,B,0,2892000000,1,4,18818,112539,NGH1
1612739166140757996,1612739166140103615,0,1,111294,T,B,0,2891000000,1,4,22881,112559,NGH1
1612739168657780372,1612739168656904877,0,1,111294,T,B,0,2891000000,1,4,20847,112586,NGH1
1612739171595076588,1612739171594202117,0,1,111294,T,B,0,2891000000,2,4,18724,112642,NGH1
1612739173177190187,1612739173176651783,0,1,111294,T,B,0,2891000000,1,4,32910,112694,NGH1
1612739174674268821,1612739174673923679,0,1,111294,T,A,0,2890000000,1,4,18116,112701,NGH1
1612739176061929124,1612739176061391681,0,1,111294,T,A,0,2890000000,4,4,25140,112706,NGH1
1612739176062088927,1612739176061398699,0,1,111294,T,A,0,2890000000,2,4,18080,112708,NGH1
1612739176884001071,1612739176883633741,0,1,111294,T,B,0,2891000000,1,4,17597,112755,NGH1
1612739178374254776,1612739178373893343,0,1,111294,T,B,0,2891000000,1,4,27556,112769,NGH1
1612739181573911574,1612739181573428005,0,1,111294,T,B,0,2891000000,5,4,18081,112821,NGH1
1612739181585618357,1612739181581939847,0,1,111294,T,B,0,2891000000,2,4,17646,113064,NGH1
1612739183223596303,1612739183223232791,0,1,111294,T,B,0,2891000000,1,4,18862,113375,NGH1
1612739184512941857,1612739184512426451,0,1,111294,T,B,0,2891000000,2,4,24745,113433,NGH1
1612739184517685268,1612739184516319119,0,1,111294,T,A,0,2891000000,2,4,18450,113535,NGH1
1612739191242186901,1612739191241429813,0,1,111294,T,B,0,2892000000,1,4,24055,113753,NGH1
1612739191242904740,1612739191242419675,0,1,111294,T,A,0,2892000000,6,4,17964,113760,NGH1
1612739191244280257,1612739191243189171,0,1,111294,T,A,0,2892000000,1,4,18321,113780,NGH1
1612739191244992172,1612739191243690125,0,1,111294,T,A,0,2892000000,1,4,16958,113800,NGH1
1612739191408884178,1612739191408512071,0,1,111294,T,B,0,2893000000,1,4,17649,113834,NGH1
1612739193369272441,1612739193368868545,0,1,111294,T,A,0,2890000000,1,4,18621,113846,NGH1
1612739198396841781,1612739198396167047,0,1,111294,T,B,0,2892000000,1,4,19217,114014,NGH1
1612739198820711524,1612739198820239193,0,1,111294,T,B,0,2891000000,2,4,22414,114101,NGH1
1612739203108851438,1612739203108224273,0,1,111294,T,B,0,2892000000,1,4,18353,114214,NGH1
1612739204452949702,1612739204452543281,0,1,111294,T,B,0,2893000000,1,4,17458,114286,NGH1
1612739205804619068,1612739205804117739,0,1,111294,T,B,0,2893000000,5,4,18344,114303,NGH1
1612739212609134522,1612739212607988171,0,1,111294,T,A,0,2891000000,1,4,24509,114394,NGH1
1612739213525947270,1612739213525342599,0,1,111294,T,B,0,2893000000,2,4,23948,114474,NGH1
1612739215852007592,1612739215851079643,0,1,24512,T,B,0,29000000,3,4,23033,114478,NGH1-NGJ1
1612739215852509815,1612739215852019257,0,1,24512,T,B,0,29000000,37,4,22593,114480,NGH1-NGJ1
1612739216741474831,1612739216740532883,0,1,24512,T,N,0,29000000,1,4,18420,114563,NGH1-NGJ1
1612739216741474831,1612739216740532883,0,1,111294,T,N,0,2892000000,1,4,18420,114563,NGH1
1612739216741474831,1612739216740532883,0,1,111296,T,A,0,2863000000,1,132,18420,114563,NGJ1
1612739217486858143,1612739217486509867,0,1,111294,T,B,0,2893000000,1,4,17626,114592,NGH1
1612739217488044501,1612739217487721495,0,1,111294,T,B,0,2893000000,1,4,17392,114604,NGH1
1612739217572737694,1612739217572235591,0,1,111294,T,B,0,2893000000,5,4,23419,114616,NGH1
1612739217573081865,1612739217572748109,0,1,111294,T,B,0,2893000000,1,4,22214,114618,NGH1
1612739220033475886,1612739220032661229,0,1,111294,T,B,0,2893000000,1,4,25071,114664,NGH1
1612739220033856969,1612739220033486933,0,1,111294,T,B,0,2893000000,3,4,17685,114666,NGH1
1612739221867834152,1612739221865748883,0,1,111294,T,B,0,2893000000,6,4,26741,114711,NGH1
1612739221867834152,1612739221865748883,0,1,111294,T,B,0,2894000000,4,4,26741,114711,NGH1
1612739221867834152,1612739221865748883,0,1,111294,T,B,0,2895000000,10,4,26741,114711,NGH1
1612739221867834152,1612739221865748883,0,1,111296,T,N,0,2866000000,1,4,26741,114711,NGJ1
1612739221867834152,1612739221865748883,0,1,24512,T,N,0,29000000,1,4,26741,114711,NGH1-NGJ1
1612739221867842160,1612739221865748883,0,1,111294,T,B,0,2896000000,1,4,18562,114712,NGH1
1612739221883291145,1612739221867874973,0,1,111294,T,B,0,2897000000,1,4,18815,114789,NGH1
1612739221883291145,1612739221867874973,0,1,111294,T,B,0,2898000000,1,4,18815,114789,NGH1
1612739221883291145,1612739221867874973,0,1,111294,T,B,0,2898000000,1,4,18815,114789,NGH1
1612739221885989249,1612739221869044193,0,1,111294,T,A,0,2895000000,8,4,18209,114852,NGH1
1612739221886088988,1612739221869330459,0,1,111294,T,A,0,2895000000,4,4,17776,114854,NGH1
1612739221887148422,1612739221870788693,0,1,111294,T,A,0,2895000000,1,4,17848,114880,NGH1
1612739221890339237,1612739221881198681,0,1,111294,T,B,0,2895000000,1,4,17786,114908,NGH1
1612739221890398581,1612739221881710991,0,1,204979,T,B,0,-23000000,1,4,17371,114910,NGJ1-NGK1
1612739221892152294,1612739221883151837,0,1,111294,T,B,0,2895000000,1,4,19109,114946,NGH1
1612739221895677875,1612739221887447051,0,1,111294,T,A,0,2893000000,1,4,19021,115047,NGH1
1612739221895798555,1612739221887453161,0,1,111294,T,A,0,2893000000,1,4,22021,115050,NGH1
1612739221904966003,1612739221901199155,0,1,111294,T,B,0,2895000000,2,4,17523,115297,NGH1
1612739221906569400,1612739221902804143,0,1,111294,T,A,0,2894000000,1,4,18744,115330,NGH1
1612739223142785802,1612739223142398827,0,1,111294,T,B,0,2898000000,1,4,18251,115478,NGH1
1612739230524198412,1612739230523429171,0,1,111294,T,B,0,2897000000,1,4,20692,115623,NGH1
1612739235284265270,1612739235282831491,0,1,282784,T,A,0,14000000,1,4,18543,116925,NGQ1-NGU1
1612739235902283264,1612739235901548549,0,1,111294,T,A,0,2896000000,3,4,18209,117712,NGH1
1612739235902639124,1612739235902294353,0,1,111294,T,A,0,2896000000,1,4,17432,117723,NGH1
1612739235911188732,1612739235910003393,0,1,204979,T,A,0,-23000000,2,4,17775,117919,NGJ1-NGK1
1612739243563573289,1612739243562777169,0,1,111294,T,B,0,2896000000,1,4,28707,118326,NGH1
1612739245844808087,1612739245843633473,0,1,111294,T,N,0,2894000000,1,4,23772,118396,NGH1
1612739245844808087,1612739245843633473,0,1,24512,T,N,0,29000000,1,4,23772,118396,NGH1-NGJ1
1612739245844808087,1612739245843633473,0,1,111296,T,A,0,2865000000,1,132,23772,118396,NGJ1
1612739248690057700,1612739248688931323,0,1,111296,T,B,0,2868000000,1,132,18158,118485,NGJ1
1612739248690057700,1612739248688931323,0,1,24512,T,N,0,28000000,1,4,18158,118485,NGH1-NGJ1
1612739248690057700,1612739248688931323,0,1,111294,T,N,0,2896000000,1,4,18158,118485,NGH1
1612739248696650400,1612739248694387607,0,1,24512,T,A,0,28000000,9,4,18253,118589,NGH1-NGJ1
1612739248697456599,1612739248694823295,0,1,24512,T,N,0,28000000,1,4,19412,118606,NGH1-NGJ1
1612739248697456599,1612739248694823295,0,1,111294,T,A,0,2896000000,1,132,19412,118606,NGH1
1612739248697456599,1612739248694823295,0,1,111296,T,N,0,2868000000,1,4,19412,118606,NGJ1
1612739248699139920,1612739248696505181,0,1,111296,T,N,0,2868000000,1,4,17902,118641,NGJ1
1612739248699139920,1612739248696505181,0,1,111294,T,A,0,2896000000,1,132,17902,118641,NGH1
1612739248699139920,1612739248696505181,0,1,24512,T,N,0,28000000,1,4,17902,118641,NGH1-NGJ1
1612739248699409171,1612739248696666635,0,1,24512,T,A,0,28000000,1,4,17363,118654,NGH1-NGJ1
1612739248699487507,1612739248696714491,0,1,24512,T,A,0,28000000,3,4,19843,118660,NGH1-NGJ1
1612739249698351289,1612739249697480879,0,1,111294,T,A,0,2896000000,1,4,18359,119454,NGH1
1612739249700033038,1612739249699658267,0,1,111296,T,A,0,2868000000,2,4,17627,119482,NGJ1
1612739252722953805,1612739252722194187,0,1,111296,T,A,0,2868000000,1,4,18436,120386,NGJ1
1612739252726795442,1612739252722969591,0,1,111296,T,A,0,2868000000,2,4,19609,120388,NGJ1
1612739252728879319,1612739252726804607,0,1,121360,T,A,0,-66000000,2,4,24868,120429,NGJ1-NGM1
1612739252732023281,1612739252729295969,0,1,111296,T,N,0,2868000000,1,4,23771,120519,NGJ1
1612739252732023281,1612739252729295969,0,1,111294,T,N,0,2896000000,1,4,23771,120519,NGH1
1612739252732023281,1612739252729295969,0,1,24512,T,B,0,28000000,1,132,23771,120519,NGH1-NGJ1
1612739252732258537,1612739252729325577,0,1,111296,T,A,0,2868000000,1,4,19318,120524,NGJ1
1612739252743589313,1612739252738068781,0,1,111296,T,A,0,2868000000,1,4,17470,120782,NGJ1
1612739253570046562,1612739253569362699,0,1,111294,T,A,0,2896000000,1,4,18305,121316,NGH1
1612739255193332455,1612739255192338511,0,1,111294,T,N,0,2896000000,2,4,24329,121920,NGH1
1612739255193332455,1612739255192338511,0,1,111296,T,A,0,2867000000,2,132,24329,121920,NGJ1
1612739255193332455,1612739255192338511,0,1,24512,T,N,0,29000000,2,4,24329,121920,NGH1-NGJ1
1612739256594269404,1612739256593859083,0,1,111294,T,B,0,2896000000,1,4,23237,122331,NGH1
1612739258640411229,1612739258639838487,0,1,111294,T,B,0,2896000000,1,4,18246,122688,NGH1
1612739268012726421,1612739268011233687,0,1,111294,T,A,0,2894000000,5,4,24680,123108,NGH1
1612739268012726421,1612739268011233687,0,1,111294,T,A,0,2893000000,1,4,24680,123108,NGH1
1612739268025851782,1612739268025358797,0,1,111294,T,A,0,2894000000,1,4,22819,123231,NGH1
1612739269623836920,1612739269623037667,0,1,111294,T,B,0,2895000000,1,4,17665,123606,NGH1
1612739271521776524,1612739271520610035,0,1,111294,T,N,0,2892000000,1,4,24271,123656,NGH1
1612739271521776524,1612739271520610035,0,1,24512,T,N,0,29000000,1,4,24271,123656,NGH1-NGJ1
1612739271521776524,1612739271520610035,0,1,111296,T,A,0,2863000000,1,132,24271,123656,NGJ1
1612739274530811891,1612739274529401347,0,1,15052,T,B,0,-11000000,7,4,19608,123878,NGN1-NGQ1
1612739274555458071,1612739274554762133,0,1,111294,T,A,0,2891000000,1,4,19731,123956,NGH1
1612739274555458071,1612739274554762133,0,1,111294,T,A,0,2890000000,5,4,19731,123956,NGH1
1612739274585854209,1612739274585209951,0,1,111294,T,N,0,2891000000,1,4,23597,124065,NGH1
1612739274585854209,1612739274585209951,0,1,111296,T,A,0,2862000000,1,132,23597,124065,NGJ1
1612739274585854209,1612739274585209951,0,1,24512,T,N,0,29000000,1,4,23597,124065,NGH1-NGJ1
1612739279280043112,1612739279278988541,0,1,15052,T,A,0,-11000000,1,4,18327,124325,NGN1-NGQ1
1612739280007697833,1612739280007016897,0,1,15052,T,B,0,-11000000,1,4,18107,124510,NGN1-NGQ1
1612739281800520941,1612739281798719525,0,1,15052,T,B,0,-11000000,5,4,23282,124650,NGN1-NGQ1
1612739282668061125,1612739282667519189,0,1,111294,T,B,0,2894000000,1,4,20321,124735,NGH1
1612739283767967312,1612739283767000869,0,1,15052,T,A,0,-11000000,3,4,20760,124778,NGN1-NGQ1
1612739283840460411,1612739283839996047,0,1,15052,T,B,0,-11000000,4,4,17916,124828,NGN1-NGQ1
1612739283840683394,1612739283839997679,0,1,15052,T,B,0,-11000000,3,4,17284,124830,NGN1-NGQ1
1612739284164825602,1612739284163974695,0,1,111294,T,A,0,2891000000,5,4,20345,124884,NGH1
1612739284164825602,1612739284163974695,0,1,111294,T,A,0,2890000000,2,4,20345,124884,NGH1
1612739284164825602,1612739284163974695,0,1,111294,T,A,0,2889000000,1,4,20345,124884,NGH1
1612739284817086471,1612739284816590227,0,1,111294,T,A,0,2892000000,1,4,17766,125324,NGH1
1612739295698445346,1612739295697735191,0,1,111294,T,B,0,2893000000,1,4,17802,126062,NGH1
1612739299419109147,1612739299418533713,0,1,111294,T,B,0,2894000000,2,4,19223,126357,NGH1
1612739302275692974,1612739302274642751,0,1,111294,T,A,0,2894000000,1,4,22938,126764,NGH1
1612739303488513994,1612739303487433701,0,1,61550,T,A,0,10750000,1,4,18317,126794,NGH1-HHH1
1612739305070301810,1612739305068651683,0,1,61550,T,A,0,10750000,9,4,18596,126837,NGH1-HHH1
1612739308726664706,1612739308725940883,0,1,111294,T,B,0,2896000000,1,4,20554,126903,NGH1
1612739318891094954,1612739318890284777,0,1,111296,T,B,0,2867000000,1,4,24475,127083,NGJ1
1612739321754838072,1612739321753594779,0,1,111294,T,B,0,2896000000,1,4,24392,127257,NGH1
1612739323230466000,1612739323229672611,0,1,111294,T,A,0,2893000000,1,4,24677,127275,NGH1
1612739334786316988,1612739334785206333,0,1,111294,T,B,0,2895000000,1,4,29042,127467,NGH1
1612739335924925660,1612739335924454599,0,1,111294,T,B,0,2895000000,1,4,17888,127756,NGH1
1612739347816732685,1612739347815537677,0,1,111294,T,B,0,2896000000,1,4,18478,128120,NGH1
1612739347817775319,1612739347816810421,0,1,111294,T,B,0,2896000000,1,4,19315,128125,NGH1
1612739347822597171,1612739347821863793,0,1,307492,T,B,0,248000000,1,4,18490,128135,NGF2-NGH2
1612739347822681146,1612739347821868635,0,1,154903,T,B,0,2998000000,1,4,18264,128137,NGH2
1612739348884900834,1612739348884104647,0,1,19540,T,B,0,-251000000,1,4,18421,128629,NGV1-NGF2
1612739350382951737,1612739350382071421,0,1,24512,T,B,0,28000000,1,4,18677,128731,NGH1-NGJ1
1612739350471046364,1612739350470522583,0,1,111294,T,B,0,2897000000,1,4,18457,128746,NGH1
1612739353879573166,1612739353878036491,0,1,111294,T,N,0,2894000000,1,4,19640,128911,NGH1
1612739353879573166,1612739353878036491,0,1,24512,T,N,0,29000000,1,4,19640,128911,NGH1-NGJ1
1612739353879573166,1612739353878036491,0,1,111296,T,A,0,2865000000,1,132,19640,128911,NGJ1
1612739354878937948,1612739354878037975,0,1,111296,T,A,0,2865000000,2,132,24204,128959,NGJ1
1612739354878937948,1612739354878037975,0,1,24512,T,N,0,29000000,2,4,24204,128959,NGH1-NGJ1
1612739354878937948,1612739354878037975,0,1,111294,T,N,0,2894000000,2,4,24204,128959,NGH1
1612739355507379245,1612739355507018775,0,1,111294,T,B,0,2895000000,1,4,17859,129054,NGH1
1612739360849619548,1612739360849128329,0,1,111294,T,B,0,2896000000,1,4,25599,129498,NGH1
1612739363520976665,1612739363520604305,0,1,111294,T,B,0,2896000000,1,4,17805,129540,NGH1
1612739373304055159,1612739373300646753,0,1,111296,T,N,0,2869000000,1,4,25975,129779,NGJ1
1612739373304055159,1612739373300646753,0,1,121360,T,N,0,-67000000,1,4,25975,129779,NGJ1-NGM1
1612739373304055159,1612739373300646753,0,1,111299,T,B,0,2936000000,1,4,25975,129779,NGM1
1612739373304055159,1612739373300646753,0,1,111299,T,B,0,2938000000,1,4,25975,129779,NGM1
1612739373878532733,1612739373877877221,0,1,111294,T,B,0,2897000000,1,4,24239,129927,NGH1
1612739373878934924,1612739373878546327,0,1,111294,T,B,0,2897000000,2,4,18956,129929,NGH1
1612739373879428148,1612739373878940069,0,1,111294,T,B,0,2897000000,10,4,18017,129931,NGH1
1612739376240458088,1612739376239485711,0,1,111294,T,N,0,2896000000,1,4,19137,130263,NGH1
1612739376240458088,1612739376239485711,0,1,111296,T,A,0,2867000000,1,132,19137,130263,NGJ1
1612739376240458088,1612739376239485711,0,1,24512,T,N,0,29000000,1,4,19137,130263,NGH1-NGJ1
1612739377240607565,1612739377239487059,0,1,24512,T,N,0,29000000,2,4,27922,130373,NGH1-NGJ1
1612739377240607565,1612739377239487059,0,1,111296,T,A,0,2867000000,2,132,27922,130373,NGJ1
1612739377240607565,1612739377239487059,0,1,111294,T,N,0,2896000000,2,4,27922,130373,NGH1
1612739386544666253,1612739386543481015,0,1,111294,T,B,0,2896000000,1,4,17883,130545,NGH1
1612739386913560811,1612739386913105495,0,1,111294,T,B,0,2898000000,1,4,24433,130581,NGH1
1612739394869146907,1612739394868231543,0,1,111294,T,B,0,2898000000,2,4,23327,130684,NGH1
1612739399405054803,1612739399404309325,0,1,111296,T,B,0,2872000000,1,4,17972,130931,NGJ1
1612739399405972145,1612739399405067265,0,1,62635,T,B,0,-114000000,2,4,18409,130935,NGJ1-NGN1
1612739399591577161,1612739399591126471,0,1,111294,T,A,0,2896000000,1,4,17432,131037,NGH1
1612739399683720925,1612739399683297933,0,1,111294,T,B,0,2899000000,2,4,17874,131044,NGH1
1612739399952841308,1612739399952335111,0,1,111294,T,B,0,2899000000,1,4,18109,131067,NGH1
1612739400441527553,1612739400440780505,0,1,111294,T,N,0,2898000000,1,4,18312,131219,NGH1
1612739400441527553,1612739400440780505,0,1,111296,T,N,0,2870000000,1,4,18312,131219,NGJ1
1612739400441527553,1612739400440780505,0,1,24512,T,B,0,28000000,1,132,18312,131219,NGH1-NGJ1
1612739400442801694,1612739400441807837,0,1,111294,T,B,0,2898000000,1,4,16859,131255,NGH1
1612739400511081213,1612739400510589927,0,1,111294,T,B,0,2899000000,1,4,18241,131321,NGH1
1612739400991784281,1612739400991430589,0,1,111294,T,A,0,2896000000,1,4,18217,131350,NGH1
1612739401946809100,1612739401946186975,0,1,111294,T,A,0,2896000000,1,4,20260,131400,NGH1
1612739402063659495,1612739402063281745,0,1,111294,T,B,0,2898000000,1,4,17871,131443,NGH1
1612739402928530621,1612739402928066477,0,1,111294,T,B,0,2900000000,1,4,18943,131642,NGH1
1612739404682569500,1612739404681855879,0,1,111294,T,N,0,2898000000,1,4,19368,132023,NGH1
1612739404682569500,1612739404681855879,0,1,24512,T,N,0,29000000,1,4,19368,132023,NGH1-NGJ1
1612739404682569500,1612739404681855879,0,1,111296,T,A,0,2869000000,1,132,19368,132023,NGJ1
1612739407937726845,1612739407936938859,0,1,111294,T,B,0,2900000000,1,4,19864,132752,NGH1
1612739410762821657,1612739410762379267,0,1,111294,T,B,0,2900000000,1,4,17925,133461,NGH1
1612739412769903979,1612739412769033835,0,1,111294,T,B,0,2900000000,10,4,18594,133784,NGH1
1612739412770384054,1612739412769950599,0,1,111294,T,B,0,2900000000,1,4,18455,133793,NGH1
1612739412770887261,1612739412770101755,0,1,111294,T,B,0,2900000000,1,132,18662,133797,NGH1
1612739412770887261,1612739412770101755,0,1,111296,T,N,0,2871000000,1,4,18662,133797,NGJ1
1612739412770887261,1612739412770101755,0,1,24512,T,N,0,29000000,1,4,18662,133797,NGH1-NGJ1
1612739412990030232,1612739412989390977,0,1,111294,T,B,0,2901000000,1,4,18238,134089,NGH1
1612739412990043896,1612739412989390977,0,1,111294,T,B,0,2901000000,1,4,19247,134090,NGH1
1612739415210300837,1612739415209436931,0,1,111294,T,B,0,2901000000,5,4,17809,134913,NGH1
1612739415817545405,1612739415816460759,0,1,307492,T,B,0,248000000,2,4,18873,135069,NGF2-NGH2
1612739415820863027,1612739415817353039,0,1,111294,T,B,0,2902000000,1,4,18046,135121,NGH1
1612739415822718235,1612739415820203469,0,1,10725,T,B,0,-102000000,5,4,18083,135182,NGK1-NGQ1
1612739415872522108,1612739415870861873,0,1,62811,T,B,0,-91000000,1,4,18011,135804,NGK1-NGN1
1612739415905836714,1612739415905252927,0,1,121372,T,B,0,-42000000,4,4,18354,135922,NGK1-NGM1
1612739418200799378,1612739418199841783,0,1,111294,T,B,0,2903000000,10,4,23766,136314,NGH1
1612739419373723161,1612739419373292335,0,1,111294,T,B,0,2903000000,1,4,18292,136348,NGH1
1612739421431220788,1612739421430243521,0,1,111294,T,N,0,2903000000,1,4,24605,136372,NGH1
1612739421431220788,1612739421430243521,0,1,24512,T,N,0,27000000,1,4,24605,136372,NGH1-NGJ1
1612739421431220788,1612739421430243521,0,1,111296,T,B,0,2876000000,1,132,24605,136372,NGJ1
1612739421439883561,1612739421439497285,0,1,111294,T,A,0,2901000000,7,4,17778,136381,NGH1
1612739421440807707,1612739421439928315,0,1,111294,T,A,0,2901000000,3,4,19816,136405,NGH1
1612739424505862802,1612739424505074583,0,1,111294,T,A,0,2899000000,1,4,17895,136943,NGH1
1612739424505875746,1612739424505074583,0,1,111294,T,A,0,2898000000,1,4,19699,136944,NGH1
1612739424513927735,1612739424508714803,0,1,111294,T,B,0,2901000000,5,4,17621,136989,NGH1
1612739424514221351,1612739424513076655,0,1,111294,T,A,0,2901000000,1,4,18157,136997,NGH1
1612739424514306443,1612739424513078623,0,1,111294,T,A,0,2901000000,1,4,17277,136999,NGH1
1612739424515129449,1612739424513482817,0,1,111294,T,A,0,2901000000,1,4,18423,137023,NGH1
1612739425154096801,1612739425153405681,0,1,111294,T,B,0,2902000000,1,4,18164,137353,NGH1
1612739426034546098,1612739426033898845,0,1,111294,T,B,0,2902000000,1,4,17661,137485,NGH1
1612739427963160319,1612739427962626413,0,1,111294,T,B,0,2902000000,1,4,24954,137665,NGH1
1612739431529180357,1612739431528674357,0,1,111294,T,B,0,2902000000,1,4,18280,137756,NGH1
1612739431537601918,1612739431537173063,0,1,111294,T,A,0,2902000000,1,4,17718,137786,NGH1
1612739432309556330,1612739432309148691,0,1,111294,T,A,0,2901000000,1,4,23395,137816,NGH1
1612739434068118397,1612739434067764931,0,1,111294,T,B,0,2903000000,1,4,21479,137830,NGH1
1612739437355656068,1612739437354528419,0,1,111296,T,B,0,2874000000,1,132,21583,137915,NGJ1
1612739437355656068,1612739437354528419,0,1,111305,T,N,0,2983000000,1,4,21583,137915,NGU1
1612739437355656068,1612739437354528419,0,1,282761,T,N,0,-109000000,1,4,21583,137915,NGJ1-NGU1
1612739437638333188,1612739437637242153,0,1,111296,T,B,0,2876000000,6,132,21160,138131,NGJ1
1612739437638333188,1612739437637242153,0,1,111294,T,N,0,2903000000,6,4,21160,138131,NGH1
1612739437638333188,1612739437637242153,0,1,24512,T,N,0,27000000,6,4,21160,138131,NGH1-NGJ1
1612739437717308119,1612739437716552653,0,1,111294,T,N,0,2902000000,1,4,19129,138241,NGH1
1612739437717308119,1612739437716552653,0,1,111301,T,A,0,2984000000,1,132,19129,138241,NGN1
1612739437717308119,1612739437716552653,0,1,62618,T,N,0,-82000000,1,4,19129,138241,NGH1-NGN1
1612739437741642023,1612739437741053075,0,1,24512,T,A,0,28000000,1,4,17764,138260,NGH1-NGJ1
1612739437819341346,1612739437818417511,0,1,111294,T,A,0,2901000000,4,4,19416,138268,NGH1
1612739439064476853,1612739439064076387,0,1,111294,T,B,0,2901000000,1,4,18829,138511,NGH1
1612739444835615660,1612739444834483191,0,1,111294,T,B,0,2901000000,1,4,24360,138582,NGH1
1612739444837638365,1612739444836992457,0,1,111294,T,A,0,2900000000,2,4,22606,138607,NGH1
1612739445744637688,1612739445744251199,0,1,111294,T,A,0,2900000000,1,4,18817,138771,NGH1
1612739446389844379,1612739446389346645,0,1,111294,T,B,0,2901000000,2,4,27934,138798,NGH1
1612739447545928178,1612739447545525729,0,1,111294,T,B,0,2901000000,1,4,20383,138874,NGH1
1612739447979953836,1612739447979482025,0,1,111294,T,B,0,2901000000,1,4,23665,138895,NGH1
1612739451150320588,1612739451149202235,0,1,10725,T,A,0,-101000000,1,4,27214,138950,NGK1-NGQ1
1612739452097097655,1612739452096344441,0,1,111294,T,B,0,2901000000,1,4,23816,139053,NGH1
1612739458978685869,1612739458978248485,0,1,111294,T,B,0,2903000000,1,4,17624,139494,NGH1
1612739465131378473,1612739465130570315,0,1,111294,T,B,0,2903000000,1,4,18388,139626,NGH1
1612739466805363218,1612739466804564207,0,1,111294,T,B,0,2903000000,1,4,21471,139724,NGH1
1612739473179197801,1612739473178445681,0,1,111294,T,B,0,2903000000,1,4,25416,139793,NGH1
1612739476917047871,1612739476916325137,0,1,24512,T,A,0,28000000,1,4,23185,139813,NGH1-NGJ1
1612739476917800722,1612739476917062155,0,1,24512,T,A,0,28000000,2,4,18706,139842,NGH1-NGJ1
1612739478160728979,1612739478160100959,0,1,111294,T,B,0,2903000000,1,4,23164,139865,NGH1
1612739479823467796,1612739479823077485,0,1,111294,T,B,0,2903000000,1,4,18030,139943,NGH1
1612739491190984901,1612739491189677745,0,1,111294,T,B,0,2902000000,1,132,22577,140034,NGH1
1612739491190984901,1612739491189677745,0,1,24512,T,N,0,29000000,1,4,22577,140034,NGH1-NGJ1
1612739491190984901,1612739491189677745,0,1,111296,T,N,0,2873000000,1,4,22577,140034,NGJ1
1612739491406209212,1612739491405778803,0,1,111296,T,B,0,2873000000,1,4,18200,140044,NGJ1
1612739491812530616,1612739491811941781,0,1,204979,T,B,0,-22000000,10,4,17744,140069,NGJ1-NGK1
1612739504225773840,1612739504224708371,0,1,111296,T,N,0,2873000000,1,4,25304,140298,NGJ1
1612739504225773840,1612739504224708371,0,1,24512,T,N,0,29000000,1,4,25304,140298,NGH1-NGJ1
1612739504225773840,1612739504224708371,0,1,111294,T,B,0,2902000000,1,132,25304,140298,NGH1
1612739510500454933,1612739510499730631,0,1,111294,T,A,0,2902000000,10,4,22068,140385,NGH1
1612739517269673301,1612739517268916323,0,1,111294,T,B,0,2903000000,1,4,20531,140515,NGH1
1612739525588191395,1612739525587443239,0,1,111294,T,A,0,2902000000,1,4,18018,140561,NGH1
1612739528751431314,1612739528750475935,0,1,111294,T,A,0,2901000000,1,4,23808,140656,NGH1
1612739530304238942,1612739530303563387,0,1,111294,T,B,0,2903000000,1,4,21064,140676,NGH1
1612739533051276854,1612739533050094209,0,1,111294,T,B,0,2903000000,9,4,25998,140693,NGH1
1612739543349177557,1612739543348624467,0,1,111294,T,B,0,2903000000,1,4,24877,140816,NGH1
1612739543991865826,1612739543991311281,0,1,111294,T,A,0,2902000000,1,4,18004,140824,NGH1
1612739556376799150,1612739556376083381,0,1,111294,T,B,0,2903000000,1,4,29546,141047,NGH1
1612739556377673181,1612739556376984917,0,1,111294,T,A,0,2901000000,3,4,18448,141050,NGH1
1612739563246635907,1612739563245397009,0,1,111294,T,A,0,2900000000,2,4,30610,141325,NGH1
1612739563246643167,1612739563245397009,0,1,111294,T,A,0,2900000000,1,4,19940,141326,NGH1
1612739563247055738,1612739563246661105,0,1,111294,T,A,0,2900000000,4,4,21109,141332,NGH1
1612739568826254978,1612739568825806551,0,1,111294,T,A,0,2901000000,1,4,17586,141465,NGH1
1612739569411538332,1612739569411082819,0,1,111294,T,B,0,2902000000,1,4,17939,141551,NGH1
1612739570016988196,1612739570015794835,0,1,111294,T,N,0,2902000000,2,4,18834,141586,NGH1
1612739570016988196,1612739570015794835,0,1,24512,T,N,0,29000000,2,4,18834,141586,NGH1-NGJ1
1612739570016988196,1612739570015794835,0,1,111296,T,A,0,2873000000,2,132,18834,141586,NGJ1
