ts_recv,ts_event,rtype,publisher_id,instrument_id,action,side,depth,price,size,flags,ts_in_delta,sequence,symbol
1609714800320424171,1609714800000000000,0,1,143984,T,N,0,3049000000,1,4,19576,60417,NGF2
1609714800320957294,1609714800000000000,0,1,111293,T,N,0,2626000000,309,4,28195,60418,NGG1
1609714800332205089,1609714800000000000,0,1,61251,T,N,0,8750000,9,4,20874,60421,NGG1-HHG1
1609714800333747830,1609714800000000000,0,1,18832,T,N,0,-461000000,1,4,19469,60422,NGG1-NGF2
1609714800334113733,1609714800000000000,0,1,215880,T,N,0,21000000,52,4,21988,60423,NGG1-NGH1
1609714800340355302,1609714800000000000,0,1,24463,T,N,0,16000000,19,4,22122,60424,NGG1-NGJ1
1609714800344306286,1609714800000000000,0,1,160863,T,N,0,-352000000,5,4,18934,60425,NGG1-NGZ1
1609714800344626826,1609714800000000000,0,1,111294,T,N,0,2601000000,50,4,21315,60426,NGH1
1609714800345718443,1609714800000000000,0,1,24512,T,N,0,-6000000,8,4,19346,60427,NGH1-NGJ1
1609714800346636526,1609714800000000000,0,1,115489,T,N,0,372000000,9,4,18944,60428,NGH2-NGJ2
1609714800347388360,1609714800000000000,0,1,111296,T,N,0,2605000000,45,4,21003,60429,NGJ1
1609714800348108683,1609714800000000000,0,1,111298,T,N,0,2617000000,3,4,19198,60430,NGK1
1609714800348343675,1609714800000000000,0,1,111299,T,N,0,2666000000,3,4,17879,60431,NGM1
1609714800349052841,1609714800000000000,0,1,62831,T,N,0,-71000000,33,4,19304,60432,NGM1-NGN1
1609714800382074687,1609714800000000000,0,1,15052,T,N,0,-28000000,13,4,20589,60531,NGN1-NGQ1
1609714800382074687,1609714800000000000,0,1,282784,T,N,0,4000000,13,4,20589,60531,NGQ1-NGU1
1609714800382074687,1609714800000000000,0,1,32906,T,N,0,-32000000,13,4,20589,60531,NG:BF N1-Q1-U1
1609714800470065650,1609714800009997279,0,1,215880,T,A,0,21000000,7,4,17557,60779,NGG1-NGH1
1609714800471758431,1609714800020100697,0,1,215880,T,N,0,22000000,2,4,18638,60794,NGG1-NGH1
1609714800471758431,1609714800020100697,0,1,111294,T,N,0,2605000000,2,4,18638,60794,NGH1
1609714800471758431,1609714800020100697,0,1,111293,T,B,0,2626000000,1,4,18638,60794,NGG1
1609714800471758431,1609714800020100697,0,1,111293,T,B,0,2627000000,2,4,18638,60794,NGG1
1609714800477522596,1609714800102311067,0,1,111293,T,B,0,2630000000,2,4,18805,60860,NGG1
1609714800477522596,1609714800102311067,0,1,111293,T,B,0,2632000000,1,4,18805,60860,NGG1
1609714800477522596,1609714800102311067,0,1,111294,T,N,0,2608000000,1,4,18805,60860,NGH1
1609714800477522596,1609714800102311067,0,1,111294,T,N,0,2610000000,1,4,18805,60860,NGH1
1609714800477522596,1609714800102311067,0,1,215880,T,N,0,22000000,2,4,18805,60860,NGG1-NGH1
1609714800487871989,1609714800102757349,0,1,171318,T,B,0,9750000,3,4,18036,60902,NGF2-HHF2
1609714800487871989,1609714800102757349,0,1,171318,T,B,0,10000000,4,4,18036,60902,NGF2-HHF2
1609714800505826915,1609714800106164485,0,1,215880,T,A,0,21000000,8,4,17626,60954,NGG1-NGH1
1609714800525576218,1609714800333696597,0,1,111293,T,A,0,2627000000,5,4,19509,61008,NGG1
1609714800526759848,1609714800336074561,0,1,215880,T,A,0,21000000,3,4,17862,61013,NGG1-NGH1
1609714800528418277,1609714800344919935,0,1,215880,T,B,0,19000000,1,4,17679,61022,NGG1-NGH1
1609714800528576308,1609714800344927281,0,1,24512,T,B,0,-6000000,1,4,17736,61025,NGH1-NGJ1
1609714800530574721,1609714800351112627,0,1,111293,T,A,0,2627000000,3,4,17562,61043,NGG1
1609714800531145083,1609714800352208115,0,1,215880,T,B,0,19000000,1,4,17078,61045,NGG1-NGH1
1609714800531217571,1609714800352231629,0,1,111293,T,A,0,2627000000,1,4,17489,61047,NGG1
1609714800532365781,1609714800353382065,0,1,111293,T,A,0,2627000000,1,4,18361,61050,NGG1
1609714800533150648,1609714800356151991,0,1,111293,T,A,0,2627000000,1,4,17406,61058,NGG1
1609714800549107490,1609714800357795521,0,1,111293,T,N,0,2627000000,1,4,18762,61101,NGG1
1609714800549107490,1609714800357795521,0,1,215880,T,N,0,19000000,1,4,18762,61101,NGG1-NGH1
1609714800549107490,1609714800357795521,0,1,111294,T,A,0,2608000000,1,132,18762,61101,NGH1
1609714800553248418,1609714800357820407,0,1,215880,T,B,0,19000000,1,4,18001,61118,NGG1-NGH1
1609714800553248418,1609714800357820407,0,1,215880,T,B,0,21000000,2,4,18001,61118,NGG1-NGH1
1609714800554647503,1609714800357823499,0,1,215880,T,B,0,21000000,3,4,18732,61124,NGG1-NGH1
1609714800604437930,1609714800362554789,0,1,282765,T,B,0,-97000000,1,4,17821,61395,NGM1-NGU1
1609714800604593198,1609714800362623141,0,1,62831,T,A,0,-71000000,1,4,17672,61399,NGM1-NGN1
1609714800604713558,1609714800362630301,0,1,15052,T,A,0,-28000000,1,4,18041,61401,NGN1-NGQ1
1609714800604856345,1609714800362637199,0,1,282784,T,A,0,3000000,1,4,17504,61404,NGQ1-NGU1
1609714800677955901,1609714800375143535,0,1,215880,T,B,0,22000000,2,4,17620,62089,NGG1-NGH1
1609714800680276745,1609714800376950673,0,1,111294,T,A,0,2607000000,1,4,17451,62141,NGH1
1609714800684393305,1609714800380868219,0,1,111294,T,N,0,2607000000,1,4,18222,62215,NGH1
1609714800684393305,1609714800380868219,0,1,215880,T,N,0,21000000,1,4,18222,62215,NGG1-NGH1
1609714800684393305,1609714800380868219,0,1,111293,T,A,0,2628000000,1,132,18222,62215,NGG1
1609714800685124788,1609714800380868219,0,1,24512,T,B,0,-6000000,1,4,17650,62218,NGH1-NGJ1
1609714800687503875,1609714800389387675,0,1,111293,T,A,0,2628000000,6,4,19248,62274,NGG1
1609714800687503875,1609714800389387675,0,1,111293,T,A,0,2627000000,3,4,19248,62274,NGG1
1609714800687503875,1609714800389387675,0,1,111293,T,A,0,2626000000,1,4,19248,62274,NGG1
1609714800687503875,1609714800389387675,0,1,215880,T,N,0,21000000,6,4,19248,62274,NGG1-NGH1
1609714800687503875,1609714800389387675,0,1,111294,T,N,0,2607000000,6,4,19248,62274,NGH1
1609714800691162105,1609714800439974911,0,1,204979,T,B,0,-15000000,6,4,18840,62380,NGJ1-NGK1
1609714800691162105,1609714800439974911,0,1,204979,T,B,0,-14000000,4,4,18840,62380,NGJ1-NGK1
1609714800691608232,1609714800446036621,0,1,111293,T,A,0,2626000000,1,4,17758,62393,NGG1
1609714800691608232,1609714800446036621,0,1,111293,T,A,0,2625000000,1,4,17758,62393,NGG1
1609714800691879740,1609714800446036621,0,1,24512,T,B,0,-6000000,2,4,23603,62397,NGH1-NGJ1
1609714800697802136,1609714800471621357,0,1,111293,T,A,0,2625000000,1,4,17777,62567,NGG1
1609714800698599463,1609714800472428091,0,1,111293,T,A,0,2625000000,1,4,17712,62582,NGG1
1609714800699028670,1609714800473077639,0,1,111293,T,A,0,2625000000,1,4,17726,62593,NGG1
1609714800700247468,1609714800473745681,0,1,111293,T,A,0,2628000000,1,4,17568,62614,NGG1
1609714800700760647,1609714800474187889,0,1,111293,T,A,0,2628000000,1,4,18001,62624,NGG1
1609714800700760647,1609714800474187889,0,1,111293,T,A,0,2625000000,2,4,18001,62624,NGG1
1609714800702307792,1609714800478782497,0,1,111299,T,A,0,2672000000,1,132,18221,62651,NGM1
1609714800702307792,1609714800478782497,0,1,111296,T,N,0,2612000000,1,4,18221,62651,NGJ1
1609714800702307792,1609714800478782497,0,1,121360,T,N,0,-60000000,1,4,18221,62651,NGJ1-NGM1
1609714800702600291,1609714800479156143,0,1,111301,T,B,0,2760000000,1,4,20222,62655,NGN1
1609714800704247628,1609714800489371597,0,1,204979,T,B,0,-14000000,1,4,17733,62690,NGJ1-NGK1
1609714800704315844,1609714800489372439,0,1,62831,T,N,0,-70000000,1,4,18216,62692,NGM1-NGN1
1609714800704315844,1609714800489372439,0,1,121372,T,B,0,-52000000,1,132,18216,62692,NGK1-NGM1
1609714800704315844,1609714800489372439,0,1,34802,T,N,0,18000000,1,4,18216,62692,NG:BF K1-M1-N1
1609714800705193751,1609714800502159715,0,1,204979,T,B,0,-14000000,6,4,17645,62709,NGJ1-NGK1
1609714800705315670,1609714800505851865,0,1,215880,T,A,0,21000000,3,4,17858,62714,NGG1-NGH1
1609714800705480206,1609714800505912929,0,1,215880,T,A,0,21000000,4,4,17647,62721,NGG1-NGH1
1609714800705530306,1609714800505935193,0,1,215880,T,A,0,21000000,4,4,17973,62723,NGG1-NGH1
1609714800707725026,1609714800507179119,0,1,215880,T,A,0,21000000,5,4,18760,62751,NGG1-NGH1
1609714800711214307,1609714800526925131,0,1,215880,T,A,0,21000000,5,4,17995,62795,NGG1-NGH1
1609714800711352983,1609714800526956781,0,1,215880,T,A,0,20000000,1,4,18477,62799,NGG1-NGH1
1609714800711352983,1609714800526956781,0,1,111293,T,N,0,2628000000,1,4,18477,62799,NGG1
1609714800711352983,1609714800526956781,0,1,111294,T,N,0,2608000000,1,4,18477,62799,NGH1
1609714800714885977,1609714800527751163,0,1,215880,T,A,0,19000000,3,4,17973,62816,NGG1-NGH1
1609714800718481038,1609714800535547719,0,1,215880,T,A,0,19000000,1,4,17753,62914,NGG1-NGH1
1609714800719332932,1609714800538403601,0,1,204979,T,B,0,-14000000,1,4,18059,62936,NGJ1-NGK1
1609714800719390324,1609714800538419879,0,1,204979,T,B,0,-14000000,1,4,17637,62938,NGJ1-NGK1
1609714800719448884,1609714800538424545,0,1,204979,T,B,0,-14000000,1,4,17736,62940,NGJ1-NGK1
1609714800719906255,1609714800541639499,0,1,215880,T,B,0,20000000,1,4,17546,62951,NGG1-NGH1
1609714800720017543,1609714800544780203,0,1,111293,T,B,0,2629000000,1,4,17753,62956,NGG1
1609714800721972492,1609714800548627763,0,1,204979,T,B,0,-14000000,9,4,17861,62989,NGJ1-NGK1
1609714800724092364,1609714800559713087,0,1,204979,T,A,0,-15000000,5,4,18218,63047,NGJ1-NGK1
1609714800725694777,1609714800571271993,0,1,215880,T,B,0,20000000,4,4,17960,63108,NGG1-NGH1
1609714800726055308,1609714800576436639,0,1,111293,T,A,0,2628000000,1,4,19301,63122,NGG1
1609714800726318403,1609714800576578387,0,1,111293,T,A,0,2628000000,1,132,19197,63126,NGG1
1609714800726318403,1609714800576578387,0,1,111296,T,N,0,2614000000,1,4,19197,63126,NGJ1
1609714800726318403,1609714800576578387,0,1,24463,T,N,0,14000000,1,4,19197,63126,NGG1-NGJ1
1609714800726621659,1609714800576703653,0,1,111293,T,A,0,2627000000,1,4,18934,63130,NGG1
1609714800726772750,1609714800578097299,0,1,111293,T,A,0,2627000000,1,4,17880,63132,NGG1
1609714800726971362,1609714800578214421,0,1,111293,T,A,0,2627000000,1,4,17830,63135,NGG1
1609714800727187562,1609714800579499461,0,1,111293,T,A,0,2627000000,1,132,19814,63139,NGG1
1609714800727187562,1609714800579499461,0,1,215880,T,N,0,19000000,1,4,19814,63139,NGG1-NGH1
1609714800727187562,1609714800579499461,0,1,111294,T,N,0,2608000000,1,4,19814,63139,NGH1
1609714800728196124,1609714800582064391,0,1,215880,T,B,0,20000000,3,4,18123,63154,NGG1-NGH1
1609714800729964873,1609714800591129407,0,1,282784,T,N,0,4000000,1,4,19054,63193,NGQ1-NGU1
1609714800729964873,1609714800591129407,0,1,15052,T,B,0,-27000000,1,132,19054,63193,NGN1-NGQ1
1609714800729964873,1609714800591129407,0,1,32906,T,N,0,-31000000,1,4,19054,63193,NG:BF N1-Q1-U1
1609714800733138783,1609714800627623901,0,1,204979,T,B,0,-14000000,1,4,18342,63276,NGJ1-NGK1
1609714800735026827,1609714800638015435,0,1,111293,T,A,0,2628000000,1,4,17344,63322,NGG1
1609714800735187371,1609714800640830807,0,1,111293,T,A,0,2628000000,1,4,17964,63325,NGG1
1609714800736095145,1609714800651112997,0,1,62831,T,B,0,-70000000,10,4,18621,63348,NGM1-NGN1
1609714800738130441,1609714800667549961,0,1,204979,T,B,0,-14000000,1,4,17626,63390,NGJ1-NGK1
1609714800738350389,1609714800672643363,0,1,111293,T,A,0,2628000000,1,4,18639,63403,NGG1
1609714800738555901,1609714800672776193,0,1,111293,T,A,0,2628000000,1,4,19728,63408,NGG1
1609714800738752016,1609714800672893391,0,1,111293,T,A,0,2628000000,1,132,17425,63412,NGG1
1609714800738752016,1609714800672893391,0,1,215880,T,N,0,20000000,1,4,17425,63412,NGG1-NGH1
1609714800738752016,1609714800672893391,0,1,111294,T,N,0,2608000000,1,4,17425,63412,NGH1
1609714800738956732,1609714800673001059,0,1,111294,T,N,0,2608000000,1,4,18032,63416,NGH1
1609714800738956732,1609714800673001059,0,1,215880,T,N,0,20000000,1,4,18032,63416,NGG1-NGH1
1609714800738956732,1609714800673001059,0,1,111293,T,A,0,2628000000,1,132,18032,63416,NGG1
1609714800739185408,1609714800673115357,0,1,111293,T,A,0,2628000000,1,4,18358,63421,NGG1
1609714800739185408,1609714800673115357,0,1,111293,T,A,0,2627000000,1,4,18358,63421,NGG1
1609714800739185408,1609714800673115357,0,1,24463,T,N,0,14000000,1,4,18358,63421,NGG1-NGJ1
1609714800739185408,1609714800673115357,0,1,111296,T,N,0,2614000000,1,4,18358,63421,NGJ1
1609714800739477639,1609714800673234083,0,1,111293,T,A,0,2627000000,1,4,21479,63426,NGG1
1609714800739601687,1609714800673325867,0,1,111293,T,A,0,2627000000,1,4,18332,63428,NGG1
1609714800739754142,1609714800673424221,0,1,111293,T,A,0,2627000000,1,4,18663,63430,NGG1
1609714800739902334,1609714800673522703,0,1,111293,T,A,0,2627000000,1,4,17732,63432,NGG1
1609714800740363961,1609714800673870691,0,1,111293,T,N,0,2627000000,1,4,18117,63439,NGG1
1609714800740363961,1609714800673870691,0,1,215880,T,N,0,21000000,1,4,18117,63439,NGG1-NGH1
1609714800740363961,1609714800673870691,0,1,111294,T,A,0,2607000000,1,4,18117,63439,NGH1
1609714800740363961,1609714800673870691,0,1,111294,T,A,0,2606000000,1,4,18117,63439,NGH1
1609714800740702177,1609714800673972719,0,1,111294,T,A,0,2604000000,3,4,18281,63445,NGH1
1609714800740702177,1609714800673972719,0,1,215880,T,N,0,21000000,2,4,18281,63445,NGG1-NGH1
1609714800740702177,1609714800673972719,0,1,111293,T,N,0,2625000000,2,4,18281,63445,NGG1
1609714800741395227,1609714800676899977,0,1,111294,T,A,0,2608000000,1,4,17869,63459,NGH1
1609714800741619791,1609714800677023471,0,1,111294,T,A,0,2607000000,2,4,18697,63463,NGH1
1609714800741619791,1609714800677023471,0,1,111294,T,A,0,2604000000,1,132,18697,63463,NGH1
1609714800741619791,1609714800677023471,0,1,111293,T,N,0,2628000000,2,4,18697,63463,NGG1
1609714800741619791,1609714800677023471,0,1,111293,T,N,0,2625000000,1,4,18697,63463,NGG1
1609714800741619791,1609714800677023471,0,1,215880,T,N,0,21000000,3,4,18697,63463,NGG1-NGH1
1609714800741869275,1609714800677140527,0,1,215880,T,N,0,21000000,2,4,18539,63468,NGG1-NGH1
1609714800741869275,1609714800677140527,0,1,111293,T,N,0,2625000000,2,4,18539,63468,NGG1
1609714800741869275,1609714800677140527,0,1,111294,T,A,0,2604000000,3,132,18539,63468,NGH1
1609714800741869275,1609714800677140527,0,1,111296,T,N,0,2611000000,1,4,18539,63468,NGJ1
1609714800741869275,1609714800677140527,0,1,24512,T,N,0,-7000000,1,4,18539,63468,NGH1-NGJ1
1609714800742565773,1609714800678442643,0,1,24512,T,N,0,-7000000,1,4,17969,63483,NGH1-NGJ1
1609714800742565773,1609714800678442643,0,1,111296,T,N,0,2614000000,1,4,17969,63483,NGJ1
1609714800742565773,1609714800678442643,0,1,111294,T,A,0,2607000000,1,4,17969,63483,NGH1
1609714800743365468,1609714800680909439,0,1,111294,T,B,0,2603000000,1,4,17770,63497,NGH1
1609714800743784107,1609714800684112787,0,1,111294,T,N,0,2603000000,2,4,17513,63504,NGH1
1609714800743784107,1609714800684112787,0,1,111293,T,B,0,2625000000,2,132,17513,63504,NGG1
1609714800743784107,1609714800684112787,0,1,215880,T,N,0,22000000,2,4,17513,63504,NGG1-NGH1
1609714800744142922,1609714800684405819,0,1,111294,T,N,0,2603000000,1,4,18412,63514,NGH1
1609714800744142922,1609714800684405819,0,1,111296,T,B,0,2610000000,1,132,18412,63514,NGJ1
1609714800744142922,1609714800684405819,0,1,24512,T,N,0,-7000000,1,4,18412,63514,NGH1-NGJ1
1609714800744663313,1609714800686915875,0,1,111294,T,B,0,2603000000,1,4,17678,63528,NGH1
1609714800745042821,1609714800687533631,0,1,204979,T,A,0,-15000000,1,4,17134,63536,NGJ1-NGK1
1609714800745575032,1609714800687952257,0,1,111294,T,N,0,2603000000,1,4,17883,63546,NGH1
1609714800745575032,1609714800687952257,0,1,215880,T,N,0,22000000,1,4,17883,63546,NGG1-NGH1
1609714800745575032,1609714800687952257,0,1,111293,T,B,0,2625000000,1,132,17883,63546,NGG1
1609714800745805299,1609714800689588637,0,1,111294,T,B,0,2603000000,1,4,17801,63553,NGH1
1609714800745977247,1609714800689827107,0,1,111294,T,N,0,2603000000,2,4,18698,63556,NGH1
1609714800745977247,1609714800689827107,0,1,111293,T,B,0,2625000000,2,132,18698,63556,NGG1
1609714800745977247,1609714800689827107,0,1,215880,T,N,0,22000000,2,4,18698,63556,NGG1-NGH1
1609714800746150722,1609714800690419265,0,1,215880,T,N,0,22000000,1,4,18016,63558,NGG1-NGH1
1609714800746150722,1609714800690419265,0,1,111293,T,B,0,2625000000,1,132,18016,63558,NGG1
1609714800746150722,1609714800690419265,0,1,111294,T,N,0,2603000000,1,4,18016,63558,NGH1
1609714800746923905,1609714800691174417,0,1,204979,T,B,0,-15000000,5,4,17746,63584,NGJ1-NGK1
1609714800747715328,1609714800691558481,0,1,111294,T,B,0,2603000000,1,4,18696,63623,NGH1
1609714800747872839,1609714800691839353,0,1,111294,T,N,0,2603000000,1,4,17457,63625,NGH1
1609714800747872839,1609714800691839353,0,1,111293,T,B,0,2625000000,1,132,17457,63625,NGG1
1609714800747872839,1609714800691839353,0,1,215880,T,N,0,22000000,1,4,17457,63625,NGG1-NGH1
1609714800749973875,1609714800697812229,0,1,215880,T,N,0,22000000,2,4,17829,63679,NGG1-NGH1
1609714800749973875,1609714800697812229,0,1,111293,T,B,0,2625000000,2,132,17829,63679,NGG1
1609714800749973875,1609714800697812229,0,1,111294,T,N,0,2603000000,2,4,17829,63679,NGH1
1609714800750199995,1609714800698150561,0,1,111294,T,B,0,2603000000,1,4,25739,63682,NGH1
1609714800750710462,1609714800699803077,0,1,111294,T,N,0,2603000000,1,4,18042,63693,NGH1
1609714800750710462,1609714800699803077,0,1,24512,T,N,0,-7000000,1,4,18042,63693,NGH1-NGJ1
1609714800750710462,1609714800699803077,0,1,111296,T,B,0,2610000000,1,132,18042,63693,NGJ1
1609714800752970142,1609714800705854349,0,1,215880,T,A,0,21000000,7,4,21108,63737,NGG1-NGH1
1609714800757504934,1609714800718760811,0,1,111294,T,B,0,2608000000,1,4,17738,63897,NGH1
1609714800758431424,1609714800720027655,0,1,111296,T,B,0,2615000000,1,132,18447,63923,NGJ1
1609714800758431424,1609714800720027655,0,1,111293,T,N,0,2629000000,1,4,18447,63923,NGG1
1609714800758431424,1609714800720027655,0,1,24463,T,N,0,14000000,1,4,18447,63923,NGG1-NGJ1
1609714800759740429,1609714800720803067,0,1,111293,T,N,0,2629000000,1,4,17985,63947,NGG1
1609714800759740429,1609714800720803067,0,1,111294,T,B,0,2609000000,1,132,17985,63947,NGH1
1609714800759740429,1609714800720803067,0,1,215880,T,N,0,20000000,1,4,17985,63947,NGG1-NGH1
1609714800763811890,1609714800726635895,0,1,111293,T,A,0,2628000000,1,4,17182,64072,NGG1
1609714800770435174,1609714800742059819,0,1,111293,T,N,0,2626000000,2,4,19681,64294,NGG1
1609714800770435174,1609714800742059819,0,1,111293,T,N,0,2624000000,5,4,19681,64294,NGG1
1609714800770435174,1609714800742059819,0,1,215880,T,N,0,21000000,7,4,19681,64294,NGG1-NGH1
1609714800770435174,1609714800742059819,0,1,111294,T,A,0,2605000000,4,4,19681,64294,NGH1
1609714800770435174,1609714800742059819,0,1,111294,T,A,0,2604000000,2,4,19681,64294,NGH1
1609714800770435174,1609714800742059819,0,1,111294,T,A,0,2603000000,5,4,19681,64294,NGH1
1609714800770435174,1609714800742059819,0,1,111296,T,N,0,2612000000,1,4,19681,64294,NGJ1
1609714800770435174,1609714800742059819,0,1,24512,T,N,0,-7000000,1,4,19681,64294,NGH1-NGJ1
1609714800771660019,1609714800742980271,0,1,111294,T,N,0,2603000000,1,4,18391,64318,NGH1
1609714800771660019,1609714800742980271,0,1,215880,T,N,0,21000000,1,4,18391,64318,NGG1-NGH1
1609714800771660019,1609714800742980271,0,1,111293,T,B,0,2624000000,1,132,18391,64318,NGG1
1609714800772506666,1609714800745116285,0,1,111293,T,B,0,2629000000,1,4,21315,64344,NGG1
1609714800772506666,1609714800745116285,0,1,111293,T,B,0,2632000000,6,4,21315,64344,NGG1
1609714800772506666,1609714800745116285,0,1,215880,T,N,0,22000000,5,4,21315,64344,NGG1-NGH1
1609714800772506666,1609714800745116285,0,1,111294,T,N,0,2610000000,5,4,21315,64344,NGH1
1609714800773087285,1609714800745384373,0,1,204979,T,A,0,-15000000,5,4,19730,64355,NGJ1-NGK1
1609714800774634286,1609714800749983833,0,1,24463,T,B,0,15000000,2,4,17022,64392,NGG1-NGJ1
1609714800775090085,1609714800751043857,0,1,111293,T,A,0,2625000000,1,4,19030,64405,NGG1
1609714800780797646,1609714800763455189,0,1,111293,T,A,0,2628000000,1,4,18964,64561,NGG1
1609714800785038378,1609714800770255751,0,1,111294,T,A,0,2606000000,1,4,17477,64691,NGH1
1609714800786090788,1609714800770953349,0,1,24512,T,A,0,-7000000,6,4,17488,64715,NGH1-NGJ1
1609714800787032843,1609714800772123419,0,1,24512,T,N,0,-7000000,1,4,17877,64739,NGH1-NGJ1
1609714800787032843,1609714800772123419,0,1,215880,T,B,0,21000000,1,132,17877,64739,NGG1-NGH1
1609714800787032843,1609714800772123419,0,1,26953,T,N,0,28000000,1,4,17877,64739,NG:BF G1-H1-J1
1609714800787709573,1609714800773162641,0,1,111293,T,A,0,2627000000,1,4,18262,64759,NGG1
1609714800787900429,1609714800773186601,0,1,111293,T,N,0,2627000000,1,4,20061,64763,NGG1
1609714800787900429,1609714800773186601,0,1,111293,T,N,0,2626000000,1,4,20061,64763,NGG1
1609714800787900429,1609714800773186601,0,1,26953,T,N,0,28000000,2,4,20061,64763,NG:BF G1-H1-J1
1609714800787900429,1609714800773186601,0,1,24512,T,N,0,-7000000,2,4,20061,64763,NGH1-NGJ1
1609714800787900429,1609714800773186601,0,1,111294,T,A,0,2606000000,1,4,20061,64763,NGH1
1609714800787900429,1609714800773186601,0,1,111294,T,A,0,2605000000,1,132,20061,64763,NGH1
1609714800788111785,1609714800773323961,0,1,111294,T,A,0,2605000000,2,132,18266,64767,NGH1
1609714800788111785,1609714800773323961,0,1,26953,T,N,0,28000000,1,4,18266,64767,NG:BF G1-H1-J1
1609714800788111785,1609714800773323961,0,1,111293,T,N,0,2626000000,1,4,18266,64767,NGG1
1609714800788111785,1609714800773323961,0,1,111296,T,N,0,2612000000,1,4,18266,64767,NGJ1
1609714800788418268,1609714800773474507,0,1,24512,T,B,0,-7000000,1,4,18167,64773,NGH1-NGJ1
1609714800788504608,1609714800773620271,0,1,24512,T,A,0,-7000000,1,4,17658,64776,NGH1-NGJ1
1609714800791519514,1609714800780807137,0,1,111293,T,B,0,2628000000,1,4,17428,64857,NGG1
1609714800792402737,1609714800782284095,0,1,111293,T,A,0,2629000000,1,4,19134,64877,NGG1
1609714800795059736,1609714800786179393,0,1,24512,T,A,0,-7000000,3,4,18120,64972,NGH1-NGJ1
1609714800795468663,1609714800787088021,0,1,24512,T,B,0,-7000000,2,4,17888,64985,NGH1-NGJ1
1609714800796486797,1609714800788095855,0,1,24512,T,A,0,-7000000,3,4,17848,65010,NGH1-NGJ1
1609714800797467135,1609714800791051983,0,1,24512,T,B,0,-7000000,1,4,17356,65039,NGH1-NGJ1
1609714800802471718,1609714800801756963,0,1,111293,T,B,0,2628000000,2,4,17799,65149,NGG1
1609714800804909233,1609714800803342127,0,1,24512,T,N,0,-7000000,1,4,19837,65167,NGH1-NGJ1
1609714800804909233,1609714800803342127,0,1,26953,T,N,0,28000000,1,4,19837,65167,NG:BF G1-H1-J1
1609714800804909233,1609714800803342127,0,1,215880,T,B,0,21000000,1,132,19837,65167,NGG1-NGH1
1609714800805460696,1609714800804297761,0,1,24512,T,B,0,-7000000,4,4,18299,65173,NGH1-NGJ1
1609714800816873803,1609714800814870753,0,1,215880,T,N,0,22000000,1,4,20562,65244,NGG1-NGH1
1609714800816873803,1609714800814870753,0,1,111293,T,B,0,2628000000,1,4,20562,65244,NGG1
1609714800816873803,1609714800814870753,0,1,111293,T,B,0,2632000000,2,4,20562,65244,NGG1
1609714800816873803,1609714800814870753,0,1,111294,T,N,0,2610000000,1,4,20562,65244,NGH1
1609714800819022243,1609714800818098247,0,1,215880,T,A,0,21000000,4,4,18777,65269,NGG1-NGH1
1609714800856612965,1609714800854515217,0,1,24512,T,A,0,-7000000,5,4,18504,65407,NGH1-NGJ1
1609714800866490875,1609714800857103929,0,1,24512,T,B,0,-7000000,1,4,17649,65446,NGH1-NGJ1
1609714800876422632,1609714800875761405,0,1,111293,T,B,0,2629000000,2,4,18330,65519,NGG1
1609714800884551045,1609714800875865855,0,1,111293,T,B,0,2631000000,1,4,30308,65523,NGG1
1609714800884742109,1609714800875973865,0,1,111294,T,B,0,2610000000,1,4,17830,65527,NGH1
1609714800885592815,1609714800879263401,0,1,111294,T,B,0,2609000000,1,132,23546,65543,NGH1
1609714800885592815,1609714800879263401,0,1,111293,T,N,0,2629000000,1,4,23546,65543,NGG1
1609714800885592815,1609714800879263401,0,1,215880,T,N,0,20000000,1,4,23546,65543,NGG1-NGH1
1609714800885791511,1609714800879398935,0,1,111294,T,B,0,2610000000,1,4,17886,65547,NGH1
1609714800885902271,1609714800879508517,0,1,111294,T,B,0,2610000000,1,4,18322,65549,NGH1
1609714800886114743,1609714800884199501,0,1,111294,T,N,0,2610000000,1,4,18051,65552,NGH1
1609714800886114743,1609714800884199501,0,1,215880,T,N,0,22000000,1,4,18051,65552,NGG1-NGH1
1609714800886114743,1609714800884199501,0,1,111293,T,B,0,2632000000,2,4,18051,65552,NGG1
1609714801010953458,1609714801010231681,0,1,111294,T,A,0,2606000000,1,4,18528,65804,NGH1
1609714801090366399,1609714801088993825,0,1,111293,T,A,0,2628000000,1,4,18184,65920,NGG1
1609714801124776299,1609714801123930671,0,1,111294,T,B,0,2610000000,1,4,20036,65957,NGH1
1609714801178756759,1609714801178083733,0,1,111293,T,B,0,2632000000,9,4,18751,65977,NGG1
1609714801192600365,1609714801191879115,0,1,111293,T,A,0,2629000000,1,4,18760,66000,NGG1
1609714801375915996,1609714801374367543,0,1,111293,T,B,0,2632000000,1,132,20795,66083,NGG1
1609714801375915996,1609714801374367543,0,1,111294,T,N,0,2610000000,1,4,20795,66083,NGH1
1609714801375915996,1609714801374367543,0,1,215880,T,N,0,22000000,1,4,20795,66083,NGG1-NGH1
1609714801450122119,1609714801449401685,0,1,111293,T,B,0,2631000000,3,4,18645,66158,NGG1
1609714801523247931,1609714801522388577,0,1,111293,T,B,0,2632000000,1,4,19451,66177,NGG1
1609714801523247931,1609714801522388577,0,1,215880,T,N,0,22000000,1,4,19451,66177,NGG1-NGH1
1609714801523247931,1609714801522388577,0,1,111294,T,N,0,2610000000,1,4,19451,66177,NGH1
1609714801524847800,1609714801523680709,0,1,111296,T,B,0,2618000000,1,4,18307,66198,NGJ1
1609714801525890170,1609714801523684301,0,1,111293,T,B,0,2633000000,1,4,18326,66206,NGG1
1609714801525905134,1609714801523684301,0,1,111293,T,B,0,2636000000,1,4,17797,66207,NGG1
1609714801525940078,1609714801523684301,0,1,111293,T,B,0,2636000000,1,4,18023,66208,NGG1
1609714801525940078,1609714801523684301,0,1,111296,T,N,0,2619000000,1,4,18023,66208,NGJ1
1609714801525940078,1609714801523684301,0,1,24463,T,N,0,17000000,1,4,18023,66208,NGG1-NGJ1
1609714801526586001,1609714801524257235,0,1,204979,T,B,0,-14000000,2,4,17378,66218,NGJ1-NGK1
1609714801527298451,1609714801524768501,0,1,111293,T,A,0,2633000000,1,4,19043,66222,NGG1
1609714801527298451,1609714801524768501,0,1,111293,T,A,0,2632000000,3,4,19043,66222,NGG1
1609714801528192246,1609714801525906727,0,1,24512,T,B,0,-6000000,5,4,18359,66240,NGH1-NGJ1
1609714801528624797,1609714801525925905,0,1,24512,T,B,0,-6000000,4,4,18314,66248,NGH1-NGJ1
1609714801531953551,1609714801530916355,0,1,24512,T,A,0,-6000000,1,4,18433,66357,NGH1-NGJ1
1609714801544131948,1609714801543077073,0,1,111293,T,A,0,2633000000,1,4,17843,66427,NGG1
1609714801563054589,1609714801561471127,0,1,24512,T,N,0,-5000000,2,4,18401,66463,NGH1-NGJ1
1609714801563054589,1609714801561471127,0,1,111296,T,N,0,2621000000,2,4,18401,66463,NGJ1
1609714801563054589,1609714801561471127,0,1,111294,T,B,0,2616000000,3,4,18401,66463,NGH1
1609714801564332418,1609714801563741609,0,1,111294,T,A,0,2611000000,1,4,18427,66494,NGH1
1609714801693702330,1609714801688321597,0,1,111293,T,A,0,2633000000,3,4,28189,66592,NGG1
1609714801693702330,1609714801688321597,0,1,111293,T,A,0,2632000000,5,4,28189,66592,NGG1
1609714801694275257,1609714801693032153,0,1,111293,T,B,0,2637000000,1,4,16976,66602,NGG1
1609714801705724651,1609714801705176257,0,1,111293,T,B,0,2636000000,1,4,19138,66622,NGG1
1609714801772607667,1609714801763901473,0,1,111293,T,B,0,2636000000,1,4,24172,66664,NGG1
1609714801790748861,1609714801789919421,0,1,111293,T,A,0,2633000000,2,4,18653,66689,NGG1
1609714801790748861,1609714801789919421,0,1,111293,T,A,0,2632000000,5,4,18653,66689,NGG1
1609714801991036277,1609714801990477427,0,1,111296,T,A,0,2616000000,1,4,17618,66800,NGJ1
1609714802004976722,1609714802004063361,0,1,111293,T,A,0,2633000000,2,4,19234,66811,NGG1
1609714802004976722,1609714802004063361,0,1,111293,T,A,0,2632000000,3,4,19234,66811,NGG1
1609714802023622352,1609714802023066521,0,1,111293,T,A,0,2630000000,1,4,18464,66843,NGG1
1609714802108737613,1609714802102722697,0,1,111293,T,A,0,2630000000,1,4,17553,66888,NGG1
1609714802109138257,1609714802106913709,0,1,111293,T,A,0,2629000000,1,4,18474,66898,NGG1
1609714802149126590,1609714802148538589,0,1,111293,T,A,0,2629000000,1,4,17954,66918,NGG1
1609714802196611774,1609714802193333157,0,1,111293,T,A,0,2629000000,2,4,18931,66930,NGG1
1609714802196611774,1609714802193333157,0,1,111293,T,A,0,2628000000,1,4,18931,66930,NGG1
1609714802196611774,1609714802193333157,0,1,111296,T,N,0,2614000000,1,4,18931,66930,NGJ1
1609714802196611774,1609714802193333157,0,1,24463,T,N,0,15000000,1,4,18931,66930,NGG1-NGJ1
1609714802198865838,1609714802197037139,0,1,111293,T,B,0,2628000000,3,4,17865,66952,NGG1
1609714802212986859,1609714802212461003,0,1,111293,T,B,0,2628000000,1,4,17534,67078,NGG1
1609714802229057085,1609714802227496967,0,1,111293,T,A,0,2628000000,1,4,19459,67143,NGG1
1609714802230437331,1609714802228888429,0,1,111293,T,B,0,2632000000,1,4,19486,67149,NGG1
1609714802272521437,1609714802271423429,0,1,111293,T,B,0,2632000000,1,4,19389,67170,NGG1
1609714802272521437,1609714802271423429,0,1,111293,T,B,0,2633000000,1,4,19389,67170,NGG1
1609714802435039390,1609714802434404321,0,1,111293,T,A,0,2628000000,1,4,19577,67239,NGG1
1609714802516057919,1609714802515153177,0,1,111296,T,A,0,2613000000,1,132,23585,67244,NGJ1
1609714802516057919,1609714802515153177,0,1,204979,T,N,0,-16000000,1,4,23585,67244,NGJ1-NGK1
1609714802516057919,1609714802515153177,0,1,111298,T,N,0,2629000000,1,4,23585,67244,NGK1
1609714802546117119,1609714802545506313,0,1,111293,T,A,0,2628000000,8,4,18301,67273,NGG1
1609714802708200161,1609714802707641229,0,1,111293,T,B,0,2630000000,1,4,18430,67324,NGG1
1609714802768732399,1609714802768068925,0,1,111293,T,A,0,2627000000,3,4,17673,67363,NGG1
1609714802921967628,1609714802921368375,0,1,111293,T,B,0,2631000000,1,4,17848,67411,NGG1
1609714802926480912,1609714802925612703,0,1,24512,T,A,0,-6000000,5,4,18435,67437,NGH1-NGJ1
1609714802939813571,1609714802935483255,0,1,111293,T,A,0,2627000000,3,4,17605,67492,NGG1
1609714803089017439,1609714803088287703,0,1,111293,T,B,0,2630000000,1,4,24159,67611,NGG1
1609714803102101794,1609714803101537541,0,1,111293,T,A,0,2629000000,1,4,18265,67620,NGG1
1609714803155609058,1609714803154695713,0,1,111293,T,B,0,2628000000,5,4,18891,67684,NGG1
1609714803155609058,1609714803154695713,0,1,111293,T,B,0,2631000000,2,4,18891,67684,NGG1
1609714803310944255,1609714803310274825,0,1,111293,T,B,0,2630000000,1,4,18622,67740,NGG1
1609714803384985124,1609714803383139603,0,1,111293,T,A,0,2630000000,1,4,18148,67839,NGG1
1609714803438717860,1609714803437440657,0,1,111293,T,N,0,2632000000,3,4,18888,67859,NGG1
1609714803438717860,1609714803437440657,0,1,111294,T,B,0,2612000000,3,132,18888,67859,NGH1
1609714803438717860,1609714803437440657,0,1,215880,T,N,0,20000000,3,4,18888,67859,NGG1-NGH1
1609714803447973282,1609714803446324229,0,1,24512,T,B,0,-6000000,5,4,18899,67920,NGH1-NGJ1
1609714803456280403,1609714803454976507,0,1,24512,T,A,0,-6000000,5,4,17777,67969,NGH1-NGJ1
1609714803461385045,1609714803460748993,0,1,24512,T,A,0,-6000000,4,4,18166,68039,NGH1-NGJ1
1609714803463333030,1609714803461721643,0,1,111294,T,B,0,2611000000,1,4,17858,68062,NGH1
1609714803540523929,1609714803539625965,0,1,111293,T,A,0,2630000000,2,4,17871,68113,NGG1
1609714803920333182,1609714803919358171,0,1,111293,T,A,0,2630000000,1,4,17706,68211,NGG1
1609714803949339768,1609714803948697709,0,1,111293,T,B,0,2632000000,5,4,17983,68217,NGG1
1609714804324484338,1609714804323906795,0,1,111293,T,A,0,2630000000,1,4,17738,68259,NGG1
1609714804775672459,1609714804774994395,0,1,111293,T,A,0,2630000000,1,4,18148,68330,NGG1
1609714804822950035,1609714804822084151,0,1,282765,T,B,0,-95000000,1,4,18036,68334,NGM1-NGU1
1609714804825489718,1609714804824614711,0,1,62831,T,A,0,-70000000,1,4,18189,68338,NGM1-NGN1
1609714805193475383,1609714805191218271,0,1,111294,T,A,0,2610000000,2,4,19378,68370,NGH1
1609714805193475383,1609714805191218271,0,1,24512,T,N,0,-7000000,1,4,19378,68370,NGH1-NGJ1
1609714805193475383,1609714805191218271,0,1,111296,T,N,0,2617000000,1,4,19378,68370,NGJ1
1609714805574200277,1609714805573451489,0,1,111299,T,A,0,2684000000,1,4,17661,68438,NGM1
1609714805602071137,1609714805601481617,0,1,111293,T,A,0,2630000000,14,4,17765,68452,NGG1
1609714805603337386,1609714805601855547,0,1,111293,T,A,0,2630000000,3,4,18231,68454,NGG1
1609714805618094491,1609714805617514193,0,1,111293,T,A,0,2630000000,13,4,17898,68545,NGG1
1609714805618670290,1609714805618228011,0,1,111293,T,A,0,2630000000,1,4,18229,68556,NGG1
1609714806572302074,1609714806571571939,0,1,111293,T,A,0,2628000000,6,4,18101,68672,NGG1
1609714806623727618,1609714806623012513,0,1,111293,T,A,0,2628000000,2,4,18662,68702,NGG1
1609714806623727618,1609714806623012513,0,1,111293,T,A,0,2627000000,1,4,18662,68702,NGG1
1609714806696198222,1609714806694796563,0,1,111293,T,A,0,2627000000,1,4,18432,68733,NGG1
1609714806957293375,1609714806955839985,0,1,111293,T,A,0,2629000000,3,4,18412,68744,NGG1
1609714806958052638,1609714806957302429,0,1,111293,T,A,0,2629000000,1,4,18196,68749,NGG1
1609714806958689332,1609714806958061755,0,1,111293,T,A,0,2629000000,1,4,23248,68758,NGG1
1609714807005956856,1609714807005211651,0,1,111293,T,B,0,2628000000,1,4,17974,68788,NGG1
1609714807470240669,1609714807466738493,0,1,111301,T,N,0,2755000000,1,4,23498,68833,NGN1
1609714807470240669,1609714807466738493,0,1,158336,T,N,0,-114000000,3,4,23498,68833,NGX1-NGZ1
1609714807470240669,1609714807466738493,0,1,10285,T,N,0,61000000,1,4,23498,68833,NG:BF V1-X1-Z1
1609714807470240669,1609714807466738493,0,1,209623,T,N,0,-114000000,1,4,23498,68833,NGN1-NGX1
1609714807470240669,1609714807466738493,0,1,111311,T,N,0,2813000000,1,4,23498,68833,NGV1
1609714807470240669,1609714807466738493,0,1,111314,T,N,0,2980000000,1,4,23498,68833,NGZ1
1609714807470240669,1609714807466738493,0,1,111314,T,N,0,2981000000,1,4,23498,68833,NGZ1
1609714807470240669,1609714807466738493,0,1,111314,T,N,0,2983000000,1,4,23498,68833,NGZ1
1609714807470240669,1609714807466738493,0,1,111314,T,N,0,2984000000,1,4,23498,68833,NGZ1
1609714807470240669,1609714807466738493,0,1,111313,T,B,0,2866000000,2,4,23498,68833,NGX1
1609714807470240669,1609714807466738493,0,1,111313,T,B,0,2867000000,1,4,23498,68833,NGX1
1609714807470240669,1609714807466738493,0,1,111313,T,B,0,2869000000,2,4,23498,68833,NGX1
1609714807470240669,1609714807466738493,0,1,111313,T,B,0,2870000000,1,4,23498,68833,NGX1
1609714807475800995,1609714807470077015,0,1,15052,T,A,0,-28000000,1,4,19053,68848,NGN1-NGQ1
1609714807476140362,1609714807470391967,0,1,111313,T,N,0,2870000000,1,4,18783,68856,NGX1
1609714807476140362,1609714807470391967,0,1,209623,T,N,0,-115000000,1,4,18783,68856,NGN1-NGX1
1609714807476140362,1609714807470391967,0,1,111301,T,A,0,2755000000,1,132,18783,68856,NGN1
1609714807478658045,1609714807471409277,0,1,209631,T,A,0,-55000000,1,4,17664,68922,NGV1-NGX1
1609714807478697773,1609714807471410841,0,1,15052,T,A,0,-28000000,1,4,18052,68924,NGN1-NGQ1
1609714807478734473,1609714807471416809,0,1,41958,T,A,0,-29000000,1,4,17505,68926,NGU1-NGV1
1609714807479437728,1609714807471718899,0,1,111313,T,N,0,2870000000,1,4,18184,68938,NGX1
1609714807479437728,1609714807471718899,0,1,111298,T,N,0,2632000000,1,4,18184,68938,NGK1
1609714807479437728,1609714807471718899,0,1,209615,T,B,0,-238000000,1,132,18184,68938,NGK1-NGX1
1609714807479713227,1609714807471718899,0,1,111313,T,N,0,2870000000,2,4,20145,68942,NGX1
1609714807479713227,1609714807471718899,0,1,111299,T,N,0,2685000000,1,4,20145,68942,NGM1
1609714807479713227,1609714807471718899,0,1,111299,T,N,0,2686000000,1,4,20145,68942,NGM1
1609714807479713227,1609714807471718899,0,1,209619,T,B,0,-185000000,1,4,20145,68942,NGM1-NGX1
1609714807479713227,1609714807471718899,0,1,209619,T,B,0,-184000000,1,132,20145,68942,NGM1-NGX1
1609714807479975595,1609714807471718899,0,1,111313,T,N,0,2870000000,1,4,17798,68947,NGX1
1609714807479975595,1609714807471718899,0,1,111301,T,N,0,2757000000,1,4,17798,68947,NGN1
1609714807479975595,1609714807471718899,0,1,209623,T,B,0,-113000000,1,132,17798,68947,NGN1-NGX1
1609714807481139089,1609714807474820287,0,1,121372,T,A,0,-53000000,1,4,17296,68972,NGK1-NGM1
1609714807481192089,1609714807474820287,0,1,62831,T,A,0,-70000000,1,4,17409,68974,NGM1-NGN1
1609714807481473780,1609714807475103051,0,1,62831,T,A,0,-70000000,2,4,21943,68982,NGM1-NGN1
1609714807481588524,1609714807475264177,0,1,15052,T,A,0,-28000000,1,4,17743,68988,NGN1-NGQ1
1609714807482360587,1609714807478363715,0,1,111311,T,N,0,2807000000,1,4,18155,69010,NGV1
1609714807482360587,1609714807478363715,0,1,111296,T,N,0,2616000000,1,4,18155,69010,NGJ1
1609714807482360587,1609714807478363715,0,1,41645,T,B,0,-191000000,1,4,18155,69010,NGJ1-NGV1
1609714807483013545,1609714807479161643,0,1,282784,T,A,0,3000000,1,4,18514,69024,NGQ1-NGU1
1609714807483702164,1609714807479897923,0,1,111311,T,A,0,2816000000,1,132,19439,69042,NGV1
1609714807483702164,1609714807479897923,0,1,111313,T,N,0,2870000000,1,4,19439,69042,NGX1
1609714807483702164,1609714807479897923,0,1,10285,T,N,0,61000000,1,4,19439,69042,NG:BF V1-X1-Z1
1609714807483702164,1609714807479897923,0,1,158336,T,N,0,-115000000,1,4,19439,69042,NGX1-NGZ1
1609714807484948050,1609714807481543735,0,1,111313,T,N,0,2870000000,1,4,24124,69091,NGX1
1609714807484948050,1609714807481543735,0,1,209615,T,B,0,-236000000,1,132,24124,69091,NGK1-NGX1
1609714807484948050,1609714807481543735,0,1,111298,T,N,0,2634000000,1,4,24124,69091,NGK1
1609714807485228225,1609714807481694489,0,1,111313,T,N,0,2870000000,1,4,17721,69099,NGX1
1609714807485228225,1609714807481694489,0,1,209619,T,B,0,-183000000,1,132,17721,69099,NGM1-NGX1
1609714807485228225,1609714807481694489,0,1,111299,T,N,0,2687000000,1,4,17721,69099,NGM1
1609714807485715652,1609714807482428857,0,1,121372,T,A,0,-53000000,1,4,17447,69112,NGK1-NGM1
1609714807485918548,1609714807482795163,0,1,111313,T,N,0,2870000000,10,4,19348,69123,NGX1
1609714807485918548,1609714807482795163,0,1,111293,T,N,0,2630000000,5,4,19348,69123,NGG1
1609714807485918548,1609714807482795163,0,1,111293,T,N,0,2631000000,5,4,19348,69123,NGG1
1609714807485918548,1609714807482795163,0,1,209459,T,B,0,-240000000,5,4,19348,69123,NGG1-NGX1
1609714807485918548,1609714807482795163,0,1,209459,T,B,0,-239000000,5,132,19348,69123,NGG1-NGX1
1609714807486174795,1609714807482795163,0,1,111313,T,N,0,2870000000,2,4,20567,69127,NGX1
1609714807486174795,1609714807482795163,0,1,111294,T,N,0,2612000000,1,4,20567,69127,NGH1
1609714807486174795,1609714807482795163,0,1,111294,T,N,0,2613000000,1,4,20567,69127,NGH1
1609714807486174795,1609714807482795163,0,1,209593,T,B,0,-258000000,1,4,20567,69127,NGH1-NGX1
1609714807486174795,1609714807482795163,0,1,209593,T,B,0,-257000000,1,132,20567,69127,NGH1-NGX1
1609714807486621083,1609714807482795163,0,1,111313,T,N,0,2870000000,1,4,20678,69132,NGX1
1609714807486621083,1609714807482795163,0,1,111296,T,N,0,2618000000,1,4,20678,69132,NGJ1
1609714807486621083,1609714807482795163,0,1,209594,T,B,0,-252000000,1,132,20678,69132,NGJ1-NGX1
1609714807487054018,1609714807483019375,0,1,62831,T,A,0,-71000000,1,4,18954,69136,NGM1-NGN1
1609714807501859830,1609714807484126359,0,1,111313,T,N,0,2870000000,1,4,19895,69142,NGX1
1609714807501859830,1609714807484126359,0,1,209623,T,B,0,-113000000,1,132,19895,69142,NGN1-NGX1
1609714807501859830,1609714807484126359,0,1,111301,T,N,0,2757000000,1,4,19895,69142,NGN1
1609714807503222347,1609714807485788665,0,1,62831,T,B,0,-70000000,1,4,18527,69177,NGM1-NGN1
1609714807504557021,1609714807487152219,0,1,215880,T,A,0,19000000,10,4,19840,69218,NGG1-NGH1
1609714807504615197,1609714807487152219,0,1,24512,T,A,0,-7000000,10,4,18206,69221,NGH1-NGJ1
1609714807504711841,1609714807487384051,0,1,24512,T,A,0,-7000000,2,4,17357,69226,NGH1-NGJ1
1609714807505024236,1609714807487848319,0,1,15052,T,A,0,-28000000,1,4,16808,69238,NGN1-NGQ1
1609714807506334158,1609714807502461783,0,1,111313,T,N,0,2870000000,1,4,18142,69288,NGX1
1609714807506334158,1609714807502461783,0,1,111299,T,N,0,2686000000,1,4,18142,69288,NGM1
1609714807506334158,1609714807502461783,0,1,209619,T,B,0,-184000000,1,132,18142,69288,NGM1-NGX1
1609714807506809389,1609714807503328853,0,1,62831,T,A,0,-71000000,1,4,19957,69298,NGM1-NGN1
1609714807506831053,1609714807503328853,0,1,15052,T,A,0,-28000000,1,4,17435,69300,NGN1-NGQ1
1609714807506893101,1609714807503328853,0,1,41958,T,A,0,-29000000,1,4,17293,69303,NGU1-NGV1
1609714807507966463,1609714807504759445,0,1,111313,T,N,0,2870000000,21,4,18819,69335,NGX1
1609714807507966463,1609714807504759445,0,1,209459,T,B,0,-239000000,3,4,18819,69335,NGG1-NGX1
1609714807507966463,1609714807504759445,0,1,209459,T,B,0,-238000000,18,132,18819,69335,NGG1-NGX1
1609714807507966463,1609714807504759445,0,1,111293,T,N,0,2631000000,3,4,18819,69335,NGG1
1609714807507966463,1609714807504759445,0,1,111293,T,N,0,2632000000,18,4,18819,69335,NGG1
1609714807508442122,1609714807505305395,0,1,15052,T,A,0,-28000000,1,4,23008,69347,NGN1-NGQ1
1609714807508487650,1609714807505305395,0,1,15052,T,A,0,-28000000,2,4,24745,69349,NGN1-NGQ1
1609714807508521066,1609714807505305395,0,1,15052,T,A,0,-28000000,1,4,17434,69351,NGN1-NGQ1
1609714807508576618,1609714807505305395,0,1,15052,T,A,0,-28000000,1,4,18376,69353,NGN1-NGQ1
1609714807509057681,1609714807506313935,0,1,215880,T,A,0,18000000,21,4,18786,69365,NGG1-NGH1
1609714807509363056,1609714807506313935,0,1,24512,T,A,0,-7000000,21,4,18261,69367,NGH1-NGJ1
1609714807509959095,1609714807506313935,0,1,158336,T,N,0,-115000000,7,4,18874,69369,NGX1-NGZ1
1609714807509959095,1609714807506313935,0,1,10285,T,N,0,61000000,7,4,18874,69369,NG:BF V1-X1-Z1
1609714807509959095,1609714807506313935,0,1,209631,T,A,0,-54000000,7,4,18874,69369,NGV1-NGX1
1609714807510274166,1609714807506840051,0,1,15052,T,A,0,-28000000,1,4,17660,69374,NGN1-NGQ1
1609714807514867098,1609714807509149537,0,1,215880,T,B,0,19000000,8,4,18078,69515,NGG1-NGH1
1609714807516419619,1609714807510489457,0,1,111293,T,B,0,2630000000,2,4,17737,69576,NGG1
1609714807518911702,1609714807515009805,0,1,111293,T,B,0,2630000000,1,4,18695,69655,NGG1
1609714807519776869,1609714807516539693,0,1,111293,T,B,0,2630000000,2,4,18101,69682,NGG1
1609714807521143390,1609714807518392071,0,1,111293,T,B,0,2630000000,1,4,22739,69714,NGG1
1609714807522247744,1609714807520339445,0,1,111293,T,B,0,2630000000,1,4,17948,69742,NGG1
1609714807526769612,1609714807526164397,0,1,111293,T,A,0,2629000000,1,4,18830,69785,NGG1
1609714807563219483,1609714807559286229,0,1,111293,T,N,0,2629000000,3,4,19994,69854,NGG1
1609714807563219483,1609714807559286229,0,1,111296,T,B,0,2617000000,3,132,19994,69854,NGJ1
1609714807563219483,1609714807559286229,0,1,24463,T,N,0,12000000,3,4,19994,69854,NGG1-NGJ1
1609714807564272890,1609714807563789509,0,1,111293,T,B,0,2630000000,1,4,18318,69864,NGG1
1609714807807739568,1609714807807300165,0,1,111294,T,B,0,2610000000,1,4,17561,69896,NGH1
1609714807814105676,1609714807812746533,0,1,111293,T,B,0,2629000000,1,4,17590,69928,NGG1
1609714808002953724,1609714808002475157,0,1,111293,T,B,0,2631000000,1,4,19243,69991,NGG1
1609714808112892469,1609714808112300575,0,1,111293,T,A,0,2628000000,1,4,17723,70062,NGG1
1609714808686490704,1609714808686048731,0,1,111293,T,A,0,2630000000,1,4,18884,70142,NGG1
1609714808708549598,1609714808708112821,0,1,111293,T,A,0,2630000000,2,4,17554,70146,NGG1
1609714809025313172,1609714809024885073,0,1,111293,T,A,0,2630000000,1,4,18149,70199,NGG1
1609714809062935545,1609714809062214769,0,1,111293,T,N,0,2630000000,2,4,18510,70207,NGG1
1609714809062935545,1609714809062214769,0,1,111294,T,A,0,2611000000,2,132,18510,70207,NGH1
1609714809062935545,1609714809062214769,0,1,215880,T,N,0,19000000,2,4,18510,70207,NGG1-NGH1
1609714809075952604,1609714809074379637,0,1,111293,T,A,0,2630000000,2,4,19223,70227,NGG1
1609714809075952604,1609714809074379637,0,1,111293,T,A,0,2629000000,1,4,19223,70227,NGG1
1609714809075952604,1609714809074379637,0,1,111293,T,A,0,2628000000,6,4,19223,70227,NGG1
1609714809078447896,1609714809077910923,0,1,111293,T,A,0,2627000000,2,4,17717,70265,NGG1
1609714809078714171,1609714809077922083,0,1,111293,T,A,0,2627000000,1,4,19334,70268,NGG1
1609714809079432230,1609714809078853957,0,1,111293,T,B,0,2627000000,1,4,20159,70287,NGG1
1609714809204219138,1609714809201252021,0,1,111293,T,B,0,2631000000,6,4,20489,70376,NGG1
1609714809204219138,1609714809201252021,0,1,111293,T,B,0,2632000000,5,4,20489,70376,NGG1
1609714809204219138,1609714809201252021,0,1,215880,T,N,0,19000000,1,4,20489,70376,NGG1-NGH1
1609714809204219138,1609714809201252021,0,1,111294,T,N,0,2613000000,1,4,20489,70376,NGH1
1609714809204219138,1609714809201252021,0,1,24463,T,N,0,13000000,1,4,20489,70376,NGG1-NGJ1
1609714809204219138,1609714809201252021,0,1,111296,T,N,0,2619000000,1,4,20489,70376,NGJ1
1609714809205344184,1609714809204264641,0,1,111293,T,A,0,2632000000,6,4,25284,70397,NGG1
1609714809206181506,1609714809204315059,0,1,215880,T,B,0,19000000,2,4,17967,70413,NGG1-NGH1
1609714809206625553,1609714809205379419,0,1,111293,T,A,0,2632000000,6,4,17749,70425,NGG1
1609714809206810905,1609714809205423549,0,1,111293,T,A,0,2632000000,2,4,18262,70428,NGG1
1609714809207819515,1609714809206190751,0,1,215880,T,A,0,19000000,5,4,20712,70453,NGG1-NGH1
1609714809210181391,1609714809209472999,0,1,215880,T,A,0,19000000,1,4,17380,70534,NGG1-NGH1
1609714809285759704,1609714809285113081,0,1,111293,T,B,0,2630000000,1,4,17612,70606,NGG1
1609714809354361066,1609714809352665805,0,1,111293,T,N,0,2630000000,2,4,19327,70670,NGG1
1609714809354361066,1609714809352665805,0,1,111293,T,N,0,2631000000,2,4,19327,70670,NGG1
1609714809354361066,1609714809352665805,0,1,209459,T,B,0,-240000000,2,4,19327,70670,NGG1-NGX1
1609714809354361066,1609714809352665805,0,1,209459,T,B,0,-239000000,2,132,19327,70670,NGG1-NGX1
1609714809354361066,1609714809352665805,0,1,111313,T,N,0,2870000000,4,4,19327,70670,NGX1
1609714809354691390,1609714809352665805,0,1,111313,T,N,0,2870000000,1,4,17610,70675,NGX1
1609714809354691390,1609714809352665805,0,1,111294,T,N,0,2614000000,1,4,17610,70675,NGH1
1609714809354691390,1609714809352665805,0,1,209593,T,B,0,-256000000,1,132,17610,70675,NGH1-NGX1
1609714809355074633,1609714809352665805,0,1,111313,T,N,0,2870000000,1,4,18864,70679,NGX1
1609714809355074633,1609714809352665805,0,1,111296,T,N,0,2622000000,1,4,18864,70679,NGJ1
1609714809355074633,1609714809352665805,0,1,209594,T,B,0,-248000000,1,132,18864,70679,NGJ1-NGX1
1609714809356583030,1609714809354444853,0,1,215880,T,A,0,18000000,4,4,17760,70702,NGG1-NGH1
1609714809357628756,1609714809354444853,0,1,24512,T,A,0,-7000000,4,4,18478,70704,NGH1-NGJ1
1609714809358066099,1609714809354444853,0,1,209631,T,A,0,-55000000,4,4,18133,70706,NGV1-NGX1
1609714809358391559,1609714809354720153,0,1,24512,T,A,0,-7000000,1,4,18210,70708,NGH1-NGJ1
1609714809358825094,1609714809354720153,0,1,209631,T,A,0,-55000000,1,4,17930,70710,NGV1-NGX1
1609714809359193497,1609714809355098993,0,1,41645,T,A,0,-189000000,1,4,17500,70717,NGJ1-NGV1
1609714809359935560,1609714809355098993,0,1,209631,T,A,0,-55000000,1,132,18998,70719,NGV1-NGX1
1609714809359935560,1609714809355098993,0,1,10285,T,N,0,60000000,1,4,18998,70719,NG:BF V1-X1-Z1
1609714809359935560,1609714809355098993,0,1,158336,T,N,0,-115000000,1,4,18998,70719,NGX1-NGZ1
1609714809360776998,1609714809358456679,0,1,111313,T,N,0,2870000000,17,4,23278,70737,NGX1
1609714809360776998,1609714809358456679,0,1,209459,T,B,0,-238000000,17,132,23278,70737,NGG1-NGX1
1609714809360776998,1609714809358456679,0,1,111293,T,N,0,2632000000,17,4,23278,70737,NGG1
1609714809361139894,1609714809359002619,0,1,111313,T,N,0,2870000000,1,4,17663,70745,NGX1
1609714809361139894,1609714809359002619,0,1,209593,T,B,0,-255000000,1,132,17663,70745,NGH1-NGX1
1609714809361139894,1609714809359002619,0,1,111294,T,N,0,2615000000,1,4,17663,70745,NGH1
1609714809363562713,1609714809360563949,0,1,215880,T,A,0,18000000,16,4,20019,70755,NGG1-NGH1
1609714809363562713,1609714809360563949,0,1,215880,T,A,0,17000000,1,4,20019,70755,NGG1-NGH1
1609714809363905960,1609714809360563949,0,1,41645,T,A,0,-189000000,4,4,25844,70756,NGJ1-NGV1
1609714809364695367,1609714809360563949,0,1,24512,T,A,0,-7000000,14,4,31417,70758,NGH1-NGJ1
1609714809364695367,1609714809360563949,0,1,24512,T,A,0,-8000000,3,4,31417,70758,NGH1-NGJ1
1609714809365207954,1609714809360563949,0,1,158336,T,N,0,-115000000,1,4,28479,70759,NGX1-NGZ1
1609714809365207954,1609714809360563949,0,1,10285,T,N,0,60000000,1,4,28479,70759,NG:BF V1-X1-Z1
1609714809365207954,1609714809360563949,0,1,209631,T,A,0,-55000000,1,4,28479,70759,NGV1-NGX1
1609714809365922160,1609714809361099899,0,1,24512,T,A,0,-8000000,1,4,27159,70767,NGH1-NGJ1
1609714809367078250,1609714809364762769,0,1,24512,T,A,0,-7000000,5,4,17824,70794,NGH1-NGJ1
1609714809367130386,1609714809365196965,0,1,24512,T,B,0,-7000000,5,4,24143,70796,NGH1-NGJ1
1609714809368368488,1609714809367641501,0,1,24512,T,B,0,-7000000,1,4,21076,70858,NGH1-NGJ1
1609714809371053671,1609714809369963401,0,1,41645,T,B,0,-189000000,6,4,18402,70866,NGJ1-NGV1
1609714809500810302,1609714809500323155,0,1,111293,T,B,0,2631000000,2,4,17534,70949,NGG1
1609714809588246469,1609714809587833509,0,1,111293,T,A,0,2630000000,1,4,18159,70993,NGG1
1609714809760457647,1609714809759963289,0,1,111293,T,B,0,2630000000,4,4,17645,71026,NGG1
1609714809953638671,1609714809952761895,0,1,111293,T,A,0,2629000000,1,4,18283,71066,NGG1
1609714809953638671,1609714809952761895,0,1,111293,T,A,0,2628000000,1,4,18283,71066,NGG1
1609714809976608609,1609714809975190849,0,1,111293,T,B,0,2632000000,1,4,18148,71077,NGG1
1609714810130832386,1609714810128243551,0,1,111293,T,A,0,2628000000,3,4,20381,71152,NGG1
1609714810130832386,1609714810128243551,0,1,111293,T,A,0,2627000000,8,4,20381,71152,NGG1
1609714810130832386,1609714810128243551,0,1,215880,T,N,0,17000000,1,4,20381,71152,NGG1-NGH1
1609714810130832386,1609714810128243551,0,1,111294,T,N,0,2610000000,1,4,20381,71152,NGH1
1609714810130832386,1609714810128243551,0,1,111296,T,N,0,2616000000,1,4,20381,71152,NGJ1
1609714810130832386,1609714810128243551,0,1,24463,T,N,0,11000000,1,4,20381,71152,NGG1-NGJ1
1609714810132715422,1609714810130891233,0,1,111293,T,B,0,2627000000,10,4,20088,71189,NGG1
1609714810133713720,1609714810130946725,0,1,111293,T,A,0,2626000000,13,4,22600,71218,NGG1
1609714810133814580,1609714810130946889,0,1,111293,T,A,0,2626000000,2,4,17712,71220,NGG1
1609714810134825182,1609714810132087961,0,1,111293,T,B,0,2627000000,3,4,23187,71249,NGG1
1609714810135071062,1609714810132989495,0,1,111293,T,B,0,2627000000,29,4,17459,71258,NGG1
1609714810135898296,1609714810134575501,0,1,111293,T,A,0,2626000000,1,4,20758,71274,NGG1
1609714810137817509,1609714810136821605,0,1,111296,T,N,0,2618000000,1,4,18384,71305,NGJ1
1609714810137817509,1609714810136821605,0,1,41645,T,B,0,-191000000,1,4,18384,71305,NGJ1-NGV1
1609714810137817509,1609714810136821605,0,1,111311,T,N,0,2809000000,1,4,18384,71305,NGV1
1609714810139415342,1609714810137904905,0,1,111311,T,A,0,2814000000,1,132,21517,71344,NGV1
1609714810139415342,1609714810137904905,0,1,209631,T,N,0,-56000000,1,4,21517,71344,NGV1-NGX1
1609714810139415342,1609714810137904905,0,1,111313,T,N,0,2870000000,1,4,21517,71344,NGX1
1609714810141354518,1609714810140623503,0,1,111313,T,N,0,2870000000,3,4,18164,71388,NGX1
1609714810141354518,1609714810140623503,0,1,111293,T,N,0,2629000000,3,4,18164,71388,NGG1
1609714810141354518,1609714810140623503,0,1,209459,T,B,0,-241000000,3,132,18164,71388,NGG1-NGX1
1609714810142130448,1609714810141377769,0,1,215880,T,A,0,17000000,3,4,19259,71404,NGG1-NGH1
1609714810142356248,1609714810141377769,0,1,24512,T,A,0,-7000000,3,4,18492,71407,NGH1-NGJ1
1609714810143618634,1609714810142904229,0,1,209459,T,B,0,-241000000,2,132,18763,71455,NGG1-NGX1
1609714810143618634,1609714810142904229,0,1,111293,T,N,0,2629000000,2,4,18763,71455,NGG1
1609714810143618634,1609714810142904229,0,1,111313,T,N,0,2870000000,2,4,18763,71455,NGX1
1609714810144345321,1609714810143139861,0,1,41645,T,B,0,-190000000,5,4,18957,71460,NGJ1-NGV1
1609714810144528572,1609714810143638059,0,1,215880,T,A,0,17000000,2,4,18152,71462,NGG1-NGH1
1609714810144716740,1609714810143638059,0,1,24512,T,A,0,-7000000,2,4,17878,71464,NGH1-NGJ1
1609714810147052571,1609714810144777603,0,1,24512,T,A,0,-7000000,1,4,18281,71484,NGH1-NGJ1
1609714810178121058,1609714810177451737,0,1,24463,T,A,0,11000000,1,4,17978,71559,NGG1-NGJ1
1609714810340893899,1609714810340081029,0,1,111293,T,A,0,2626000000,1,4,17885,71582,NGG1
1609714810342080052,1609714810341308095,0,1,111313,T,N,0,2870000000,1,4,18244,71605,NGX1
1609714810342080052,1609714810341308095,0,1,111296,T,N,0,2618000000,1,4,18244,71605,NGJ1
1609714810342080052,1609714810341308095,0,1,209594,T,B,0,-252000000,1,132,18244,71605,NGJ1-NGX1
1609714810342730127,1609714810342113771,0,1,41645,T,A,0,-192000000,1,4,17592,71618,NGJ1-NGV1
1609714810454525939,1609714810453910225,0,1,24463,T,B,0,11000000,1,4,17961,71640,NGG1-NGJ1
1609714810620667058,1609714810620016389,0,1,111293,T,A,0,2626000000,3,4,17681,71677,NGG1
1609714810623594380,1609714810620729871,0,1,111293,T,A,0,2626000000,2,4,17773,71692,NGG1
1609714810625955672,1609714810623120449,0,1,111293,T,N,0,2625000000,3,4,20849,71697,NGG1
1609714810625955672,1609714810623120449,0,1,111293,T,N,0,2624000000,5,4,20849,71697,NGG1
1609714810625955672,1609714810623120449,0,1,215880,T,N,0,18000000,8,4,20849,71697,NGG1-NGH1
1609714810625955672,1609714810623120449,0,1,111294,T,A,0,2607000000,4,4,20849,71697,NGH1
1609714810625955672,1609714810623120449,0,1,111294,T,A,0,2606000000,6,4,20849,71697,NGH1
1609714810626424407,1609714810623276963,0,1,111293,T,N,0,2627000000,2,4,18439,71709,NGG1
1609714810626424407,1609714810623276963,0,1,111293,T,N,0,2628000000,2,4,18439,71709,NGG1
1609714810626424407,1609714810623276963,0,1,111313,T,N,0,2870000000,4,4,18439,71709,NGX1
1609714810626424407,1609714810623276963,0,1,209459,T,B,0,-243000000,2,4,18439,71709,NGG1-NGX1
1609714810626424407,1609714810623276963,0,1,209459,T,B,0,-242000000,2,132,18439,71709,NGG1-NGX1
1609714810628769214,1609714810623397715,0,1,111313,T,N,0,2870000000,1,4,18558,71716,NGX1
1609714810628769214,1609714810623397715,0,1,111294,T,N,0,2611000000,1,4,18558,71716,NGH1
1609714810628769214,1609714810623397715,0,1,209593,T,B,0,-259000000,1,132,18558,71716,NGH1-NGX1
1609714810629190414,1609714810623626665,0,1,111313,T,N,0,2870000000,1,4,19661,71723,NGX1
1609714810629190414,1609714810623626665,0,1,209594,T,B,0,-252000000,1,132,19661,71723,NGJ1-NGX1
1609714810629190414,1609714810623626665,0,1,111296,T,N,0,2618000000,1,4,19661,71723,NGJ1
1609714810630707283,1609714810625192643,0,1,24463,T,B,0,11000000,2,4,17971,71758,NGG1-NGJ1
1609714810631097798,1609714810626074813,0,1,215880,T,A,0,17000000,4,4,17598,71773,NGG1-NGH1
1609714810631134446,1609714810626074813,0,1,24512,T,A,0,-8000000,4,4,17308,71776,NGH1-NGJ1
1609714810631922456,1609714810626364559,0,1,24512,T,A,0,-8000000,1,4,25148,71796,NGH1-NGJ1
1609714810632467999,1609714810626547537,0,1,111293,T,A,0,2626000000,2,4,18998,71812,NGG1
1609714810632778691,1609714810626824229,0,1,41645,T,A,0,-192000000,1,4,18535,71821,NGJ1-NGV1
1609714810633482814,1609714810630799293,0,1,41645,T,B,0,-191000000,4,4,17665,71840,NGJ1-NGV1
1609714810634546976,1609714810631797143,0,1,111293,T,N,0,2626000000,1,4,19611,71874,NGG1
1609714810634546976,1609714810631797143,0,1,111293,T,N,0,2627000000,5,4,19611,71874,NGG1
1609714810634546976,1609714810631797143,0,1,111313,T,N,0,2870000000,6,4,19611,71874,NGX1
1609714810634546976,1609714810631797143,0,1,209459,T,B,0,-244000000,1,4,19611,71874,NGG1-NGX1
1609714810634546976,1609714810631797143,0,1,209459,T,B,0,-243000000,5,132,19611,71874,NGG1-NGX1
1609714810635919857,1609714810632484511,0,1,111313,T,N,0,2870000000,1,4,17023,71898,NGX1
1609714810635919857,1609714810632484511,0,1,111301,T,A,0,2755000000,1,132,17023,71898,NGN1
1609714810635919857,1609714810632484511,0,1,209623,T,N,0,-115000000,1,4,17023,71898,NGN1-NGX1
1609714810636838799,1609714810632764601,0,1,111293,T,A,0,2624000000,2,4,17000,71916,NGG1
1609714810640835416,1609714810632820853,0,1,111313,T,N,0,2870000000,1,4,23239,72019,NGX1
1609714810640835416,1609714810632820853,0,1,209593,T,B,0,-261000000,1,132,23239,72019,NGH1-NGX1
1609714810640835416,1609714810632820853,0,1,111294,T,N,0,2609000000,1,4,23239,72019,NGH1
1609714810641884878,1609714810632883183,0,1,215880,T,A,0,17000000,6,4,17950,72044,NGG1-NGH1
1609714810641927886,1609714810632883183,0,1,24512,T,A,0,-8000000,6,4,16863,72047,NGH1-NGJ1
1609714810641965446,1609714810632883183,0,1,209631,T,A,0,-56000000,6,4,16780,72049,NGV1-NGX1
1609714810642005366,1609714810632922567,0,1,111293,T,B,0,2625000000,2,4,23168,72051,NGG1
1609714810642005366,1609714810632922567,0,1,111293,T,B,0,2626000000,1,4,23168,72051,NGG1
1609714810642595956,1609714810633425429,0,1,209631,T,A,0,-56000000,1,4,19624,72067,NGV1-NGX1
1609714810642958632,1609714810633865073,0,1,204979,T,A,0,-15000000,1,4,18806,72079,NGJ1-NGK1
1609714810643360719,1609714810634666421,0,1,24512,T,A,0,-9000000,1,4,18765,72095,NGH1-NGJ1
1609714810643392819,1609714810634666421,0,1,209631,T,A,0,-56000000,1,4,23464,72098,NGV1-NGX1
1609714810645097940,1609714810636893689,0,1,111293,T,A,0,2625000000,1,4,19073,72138,NGG1
1609714810646547253,1609714810642643609,0,1,111293,T,N,0,2626000000,2,4,17875,72201,NGG1
1609714810646547253,1609714810642643609,0,1,111313,T,N,0,2870000000,2,4,17875,72201,NGX1
1609714810646547253,1609714810642643609,0,1,209459,T,B,0,-244000000,2,132,17875,72201,NGG1-NGX1
1609714810647066072,1609714810643348105,0,1,215880,T,A,0,17000000,2,4,21670,72219,NGG1-NGH1
1609714810647102456,1609714810643348105,0,1,24512,T,A,0,-9000000,2,4,18477,72222,NGH1-NGJ1
1609714810647129500,1609714810643348105,0,1,209631,T,A,0,-56000000,1,4,17326,72224,NGV1-NGX1
1609714810647374983,1609714810643724777,0,1,111313,T,N,0,2870000000,1,4,24686,72232,NGX1
1609714810647374983,1609714810643724777,0,1,111296,T,N,0,2617000000,1,4,24686,72232,NGJ1
1609714810647374983,1609714810643724777,0,1,209594,T,B,0,-253000000,1,132,24686,72232,NGJ1-NGX1
1609714810647733159,1609714810643940457,0,1,41645,T,B,0,-192000000,2,4,19959,72240,NGJ1-NGV1
1609714810648003854,1609714810644920855,0,1,41645,T,A,0,-192000000,1,4,19227,72248,NGJ1-NGV1
1609714810650195686,1609714810647880339,0,1,41645,T,B,0,-192000000,3,4,21116,72352,NGJ1-NGV1
1609714810650699929,1609714810648594425,0,1,111293,T,B,0,2625000000,2,4,21577,72370,NGG1
1609714810651525452,1609714810650377333,0,1,111293,T,B,0,2625000000,1,4,17404,72409,NGG1
1609714810652224162,1609714810651705117,0,1,24463,T,A,0,10000000,10,4,17830,72422,NGG1-NGJ1
1609714810673920882,1609714810673221157,0,1,204979,T,B,0,-14000000,5,4,17616,72445,NGJ1-NGK1
1609714810727898612,1609714810727286563,0,1,41645,T,B,0,-192000000,1,4,19059,72487,NGJ1-NGV1
1609714810728128904,1609714810727294579,0,1,209631,T,B,0,-56000000,1,4,17486,72489,NGV1-NGX1
1609714810729708285,1609714810727301999,0,1,209631,T,N,0,-56000000,1,4,17954,72491,NGV1-NGX1
1609714810729708285,1609714810727301999,0,1,10285,T,N,0,60000000,1,4,17954,72491,NG:BF V1-X1-Z1
1609714810729708285,1609714810727301999,0,1,158336,T,B,0,-116000000,1,132,17954,72491,NGX1-NGZ1
1609714810729904865,1609714810727303899,0,1,160863,T,A,0,-352000000,1,4,25195,72492,NGG1-NGZ1
1609714810741210836,1609714810740544625,0,1,111293,T,A,0,2624000000,1,4,17642,72505,NGG1
1609714810745909967,1609714810745244085,0,1,111293,T,N,0,2624000000,2,4,18573,72507,NGG1
1609714810745909967,1609714810745244085,0,1,24463,T,N,0,11000000,2,4,18573,72507,NGG1-NGJ1
1609714810745909967,1609714810745244085,0,1,111296,T,A,0,2613000000,2,132,18573,72507,NGJ1
1609714810872354286,1609714810871681229,0,1,111293,T,A,0,2624000000,2,4,17916,72533,NGG1
1609714810876305914,1609714810875945583,0,1,111293,T,A,0,2624000000,1,4,18296,72589,NGG1
1609714810915899504,1609714810914823755,0,1,111293,T,B,0,2625000000,3,4,19944,72606,NGG1
1609714810915899504,1609714810914823755,0,1,111293,T,B,0,2626000000,2,4,19944,72606,NGG1
1609714810915899504,1609714810914823755,0,1,111293,T,B,0,2627000000,2,4,19944,72606,NGG1
1609714810915899504,1609714810914823755,0,1,215880,T,N,0,18000000,1,4,19944,72606,NGG1-NGH1
1609714810915899504,1609714810914823755,0,1,111294,T,N,0,2608000000,1,4,19944,72606,NGH1
1609714810917610745,1609714810916289017,0,1,111293,T,B,0,2626000000,2,4,22735,72648,NGG1
1609714810918059368,1609714810916829243,0,1,111293,T,A,0,2626000000,2,4,17709,72659,NGG1
1609714811512706949,1609714811511949919,0,1,111293,T,A,0,2625000000,3,4,18060,72799,NGG1
1609714811514656310,1609714811513815493,0,1,111293,T,B,0,2626000000,4,4,18996,72825,NGG1
1609714811514656310,1609714811513815493,0,1,111293,T,B,0,2627000000,3,4,18996,72825,NGG1
1609714811515711488,1609714811515095085,0,1,111293,T,B,0,2625000000,2,4,18003,72851,NGG1
1609714811551273409,1609714811550819487,0,1,111293,T,A,0,2625000000,1,4,18256,72927,NGG1
1609714811551718372,1609714811551304043,0,1,111293,T,A,0,2625000000,2,4,17839,72929,NGG1
1609714811551999647,1609714811551311523,0,1,111293,T,A,0,2625000000,1,4,17877,72932,NGG1
1609714811603594707,1609714811603116371,0,1,111293,T,A,0,2625000000,2,4,18367,72947,NGG1
1609714811693125143,1609714811692730681,0,1,111293,T,B,0,2627000000,1,4,17976,72985,NGG1
1609714812283915515,1609714812283090637,0,1,111293,T,N,0,2625000000,1,4,18099,73091,NGG1
1609714812283915515,1609714812283090637,0,1,111294,T,A,0,2607000000,1,132,18099,73091,NGH1
1609714812283915515,1609714812283090637,0,1,215880,T,N,0,18000000,1,4,18099,73091,NGG1-NGH1
1609714812284395918,1609714812283958941,0,1,111293,T,A,0,2625000000,3,4,18351,73094,NGG1
1609714812286815837,1609714812286018603,0,1,111293,T,B,0,2625000000,2,4,19720,73105,NGG1
1609714812286815837,1609714812286018603,0,1,111293,T,B,0,2626000000,2,4,19720,73105,NGG1
1609714812286815837,1609714812286018603,0,1,111293,T,B,0,2627000000,3,4,19720,73105,NGG1
1609714812597474898,1609714812596978769,0,1,111293,T,A,0,2624000000,1,4,17808,73206,NGG1
1609714812598048737,1609714812597551479,0,1,111293,T,A,0,2624000000,2,4,17585,73211,NGG1
1609714812598194109,1609714812597553261,0,1,111293,T,A,0,2624000000,3,4,17402,73213,NGG1
1609714812898562189,1609714812896347925,0,1,111293,T,B,0,2626000000,1,4,20914,73371,NGG1
1609714812898562189,1609714812896347925,0,1,111293,T,B,0,2627000000,10,4,20914,73371,NGG1
1609714812898562189,1609714812896347925,0,1,215880,T,N,0,18000000,2,4,20914,73371,NGG1-NGH1
1609714812898562189,1609714812896347925,0,1,111294,T,N,0,2608000000,1,4,20914,73371,NGH1
1609714812898562189,1609714812896347925,0,1,111294,T,N,0,2609000000,1,4,20914,73371,NGH1
1609714812898562189,1609714812896347925,0,1,111296,T,N,0,2616000000,1,4,20914,73371,NGJ1
1609714812898562189,1609714812896347925,0,1,24463,T,N,0,11000000,1,4,20914,73371,NGG1-NGJ1
1609714812899797386,1609714812898598253,0,1,111293,T,A,0,2627000000,1,4,18007,73400,NGG1
1609714812899861210,1609714812898627139,0,1,111293,T,A,0,2627000000,2,4,23318,73403,NGG1
1609714812900167954,1609714812898655571,0,1,215880,T,B,0,18000000,1,4,18157,73408,NGG1-NGH1
1609714813001642334,1609714813001257539,0,1,111293,T,A,0,2625000000,1,4,17285,73604,NGG1
1609714813001834441,1609714813001484201,0,1,111293,T,A,0,2625000000,1,4,17741,73606,NGG1
1609714813291121646,1609714813290544741,0,1,215880,T,A,0,18000000,2,4,18211,73627,NGG1-NGH1
1609714813362900158,1609714813362520785,0,1,111293,T,B,0,2626000000,1,4,18103,73645,NGG1
1609714813440224556,1609714813439680815,0,1,111293,T,A,0,2625000000,1,4,18978,73703,NGG1
1609714813627528449,1609714813626914345,0,1,111293,T,A,0,2625000000,4,4,18621,73731,NGG1
1609714813627528449,1609714813626914345,0,1,111293,T,A,0,2624000000,1,4,18621,73731,NGG1
1609714813891741659,1609714813891230695,0,1,111293,T,B,0,2627000000,1,4,18317,73801,NGG1
1609714814187598970,1609714814187113077,0,1,111298,T,B,0,2629000000,1,4,18123,73851,NGK1
1609714814188376028,1609714814187710821,0,1,24512,T,B,0,-8000000,6,4,18212,73865,NGH1-NGJ1
1609714814190002821,1609714814189491041,0,1,24512,T,B,0,-7000000,1,4,18622,73895,NGH1-NGJ1
1609714814527884089,1609714814527380205,0,1,111293,T,A,0,2625000000,1,4,18143,73926,NGG1
1609714814528368704,1609714814527961783,0,1,111293,T,A,0,2625000000,1,4,17980,73930,NGG1
1609714814547790596,1609714814547415615,0,1,111293,T,A,0,2625000000,1,4,26070,74079,NGG1
1609714814649643164,1609714814649201409,0,1,111293,T,A,0,2625000000,1,4,17887,74092,NGG1
1609714814791417880,1609714814791051603,0,1,111313,T,A,0,2870000000,1,4,17816,74104,NGX1
1609714814792978805,1609714814792244657,0,1,111313,T,N,0,2870000000,1,4,18519,74123,NGX1
1609714814792978805,1609714814792244657,0,1,209623,T,B,0,-115000000,1,132,18519,74123,NGN1-NGX1
1609714814792978805,1609714814792244657,0,1,111301,T,N,0,2755000000,1,4,18519,74123,NGN1
1609714814793666920,1609714814793021835,0,1,15052,T,A,0,-29000000,1,4,21293,74135,NGN1-NGQ1
1609714814793889208,1609714814793021835,0,1,41958,T,A,0,-29000000,1,4,18334,74137,NGU1-NGV1
1609714814837018970,1609714814836572751,0,1,111293,T,A,0,2625000000,2,4,18452,74176,NGG1
1609714814945167002,1609714814944672309,0,1,111293,T,B,0,2627000000,2,4,17358,74185,NGG1
1609714815039263088,1609714815038461685,0,1,111298,T,N,0,2630000000,1,4,18020,74251,NGK1
1609714815039263088,1609714815038461685,0,1,111296,T,B,0,2615000000,1,4,18020,74251,NGJ1
1609714815039263088,1609714815038461685,0,1,204979,T,N,0,-15000000,1,4,18020,74251,NGJ1-NGK1
1609714815242242112,1609714815241816297,0,1,111293,T,A,0,2626000000,2,4,17570,74515,NGG1
1609714815242406900,1609714815242043457,0,1,111293,T,A,0,2626000000,2,4,17372,74517,NGG1
1609714815242942207,1609714815242504633,0,1,111293,T,B,0,2626000000,1,4,17492,74528,NGG1
1609714815527886588,1609714815526988707,0,1,204979,T,N,0,-15000000,1,4,19404,74630,NGJ1-NGK1
1609714815527886588,1609714815526988707,0,1,111296,T,B,0,2616000000,1,4,19404,74630,NGJ1
1609714815527886588,1609714815526988707,0,1,111296,T,B,0,2617000000,3,4,19404,74630,NGJ1
1609714815527886588,1609714815526988707,0,1,111298,T,N,0,2631000000,1,4,19404,74630,NGK1
1609714815528513679,1609714815527870931,0,1,24512,T,B,0,-7000000,2,4,18104,74637,NGH1-NGJ1
1609714815529036726,1609714815528521799,0,1,24512,T,B,0,-7000000,1,4,20517,74648,NGH1-NGJ1
1609714815926866340,1609714815926046431,0,1,111293,T,B,0,2627000000,2,4,19202,74806,NGG1
1609714815926866340,1609714815926046431,0,1,111293,T,B,0,2628000000,1,4,19202,74806,NGG1
1609714815926866340,1609714815926046431,0,1,111293,T,B,0,2629000000,1,4,19202,74806,NGG1
1609714816140012293,1609714816138460503,0,1,111293,T,A,0,2626000000,1,4,17681,74972,NGG1
1609714816498577670,1609714816497731641,0,1,111293,T,A,0,2626000000,1,4,17802,75022,NGG1
1609714817214189812,1609714817211350173,0,1,111298,T,N,0,2634000000,1,4,22748,75153,NGK1
1609714817214189812,1609714817211350173,0,1,111296,T,N,0,2617000000,1,4,22748,75153,NGJ1
1609714817214189812,1609714817211350173,0,1,111301,T,N,0,2758000000,1,4,22748,75153,NGN1
1609714817214189812,1609714817211350173,0,1,111301,T,N,0,2760000000,1,4,22748,75153,NGN1
1609714817214189812,1609714817211350173,0,1,111301,T,N,0,2761000000,2,4,22748,75153,NGN1
1609714817214189812,1609714817211350173,0,1,111313,T,N,0,2870000000,1,4,22748,75153,NGX1
1609714817214189812,1609714817211350173,0,1,209631,T,N,0,-56000000,1,4,22748,75153,NGV1-NGX1
1609714817214189812,1609714817211350173,0,1,41645,T,N,0,-196000000,1,4,22748,75153,NGJ1-NGV1
1609714817214189812,1609714817211350173,0,1,111311,T,B,0,2813000000,2,4,22748,75153,NGV1
1609714817214189812,1609714817211350173,0,1,111311,T,B,0,2814000000,2,4,22748,75153,NGV1
1609714817214189812,1609714817211350173,0,1,111311,T,B,0,2815000000,1,4,22748,75153,NGV1
1609714817214189812,1609714817211350173,0,1,111311,T,B,0,2816000000,3,4,22748,75153,NGV1
1609714817214189812,1609714817211350173,0,1,111299,T,N,0,2685000000,1,4,22748,75153,NGM1
1609714817214189812,1609714817211350173,0,1,41898,T,N,0,-55000000,4,4,22748,75153,NGN1-NGV1
1609714817214189812,1609714817211350173,0,1,41782,T,N,0,-129000000,1,4,22748,75153,NGM1-NGV1
1609714817214189812,1609714817211350173,0,1,41756,T,N,0,-182000000,1,4,22748,75153,NGK1-NGV1
1609714817219821749,1609714817214401595,0,1,111311,T,N,0,2816000000,1,4,18018,75256,NGV1
1609714817219821749,1609714817214401595,0,1,41956,T,N,0,-29000000,1,4,18018,75256,NGQ1-NGV1
1609714817219821749,1609714817214401595,0,1,111303,T,A,0,2787000000,1,132,18018,75256,NGQ1
1609714817221721922,1609714817214574471,0,1,111311,T,N,0,2816000000,2,4,18005,75298,NGV1
1609714817221721922,1609714817214574471,0,1,41645,T,B,0,-195000000,2,4,18005,75298,NGJ1-NGV1
1609714817221721922,1609714817214574471,0,1,111296,T,N,0,2621000000,2,4,18005,75298,NGJ1
1609714817221984621,1609714817215054423,0,1,160863,T,A,0,-352000000,1,4,17580,75308,NGG1-NGZ1
1609714817222185601,1609714817215214483,0,1,111311,T,N,0,2816000000,1,4,20383,75315,NGV1
1609714817222185601,1609714817215214483,0,1,41898,T,N,0,-55000000,1,4,20383,75315,NGN1-NGV1
1609714817222185601,1609714817215214483,0,1,111301,T,A,0,2761000000,1,132,20383,75315,NGN1
1609714817223278459,1609714817217299029,0,1,111301,T,A,0,2760000000,1,132,18158,75342,NGN1
1609714817223278459,1609714817217299029,0,1,41898,T,N,0,-56000000,1,4,18158,75342,NGN1-NGV1
1609714817223278459,1609714817217299029,0,1,111311,T,N,0,2816000000,1,4,18158,75342,NGV1
1609714817223470319,1609714817218007467,0,1,111311,T,N,0,2816000000,1,4,17742,75351,NGV1
1609714817223470319,1609714817218007467,0,1,41898,T,N,0,-56000000,1,4,17742,75351,NGN1-NGV1
1609714817223470319,1609714817218007467,0,1,111301,T,A,0,2760000000,1,132,17742,75351,NGN1
1609714817225937322,1609714817221759439,0,1,111311,T,N,0,2816000000,1,4,18998,75408,NGV1
1609714817225937322,1609714817221759439,0,1,41958,T,N,0,-30000000,1,4,18998,75408,NGU1-NGV1
1609714817225937322,1609714817221759439,0,1,111305,T,A,0,2786000000,1,132,18998,75408,NGU1
1609714817228129462,1609714817223335459,0,1,111311,T,A,0,2816000000,1,4,19723,75444,NGV1
1609714817228440357,1609714817223726913,0,1,111293,T,B,0,2628000000,1,4,24775,75449,NGG1
1609714817228539561,1609714817223730065,0,1,24463,T,A,0,10000000,1,4,17402,75451,NGG1-NGJ1
1609714817228562949,1609714817223733283,0,1,41645,T,A,0,-194000000,1,4,17657,75453,NGJ1-NGV1
1609714817231556251,1609714817227623261,0,1,111293,T,N,0,2628000000,5,4,23833,75524,NGG1
1609714817231556251,1609714817227623261,0,1,111311,T,N,0,2816000000,5,4,23833,75524,NGV1
1609714817231556251,1609714817227623261,0,1,41523,T,B,0,-188000000,5,132,23833,75524,NGG1-NGV1
1609714817232705501,1609714817228494317,0,1,215880,T,A,0,18000000,5,4,17522,75550,NGG1-NGH1
1609714817232759941,1609714817228494317,0,1,24512,T,A,0,-8000000,5,4,17401,75553,NGH1-NGJ1
1609714817233007993,1609714817228968099,0,1,41645,T,B,0,-193000000,5,4,17292,75563,NGJ1-NGV1
1609714817233270108,1609714817229692563,0,1,111311,T,A,0,2816000000,1,4,24709,75573,NGV1
1609714817233430164,1609714817230072721,0,1,24463,T,A,0,10000000,1,4,25101,75578,NGG1-NGJ1
1609714817233436204,1609714817230076001,0,1,41645,T,A,0,-193000000,1,4,18621,75579,NGJ1-NGV1
1609714817233461176,1609714817230186693,0,1,111293,T,A,0,2628000000,1,4,18827,75581,NGG1
1609714817234800817,1609714817232773975,0,1,41645,T,A,0,-193000000,2,4,16805,75619,NGJ1-NGV1
1609714817235468640,1609714817233469479,0,1,215880,T,A,0,18000000,1,4,20016,75648,NGG1-NGH1
1609714817239017521,1609714817237554587,0,1,160863,T,A,0,-352000000,3,4,17939,75759,NGG1-NGZ1
1609714817239469504,1609714817237737447,0,1,41645,T,B,0,-196000000,1,4,22950,75760,NGJ1-NGV1
1609714817239469504,1609714817237737447,0,1,111311,T,N,0,2816000000,1,4,22950,75760,NGV1
1609714817239469504,1609714817237737447,0,1,111296,T,N,0,2620000000,1,4,22950,75760,NGJ1
1609714817239736656,1609714817238129615,0,1,215880,T,B,0,18000000,3,4,25260,75762,NGG1-NGH1
1609714817240065731,1609714817238129615,0,1,24512,T,B,0,-7000000,3,4,24064,75763,NGH1-NGJ1
1609714817241872352,1609714817240074821,0,1,24512,T,B,0,-7000000,1,4,17567,75827,NGH1-NGJ1
1609714817279764985,1609714817279394337,0,1,111293,T,A,0,2627000000,1,4,18007,75886,NGG1
1609714817360244642,1609714817359415791,0,1,111296,T,A,0,2621000000,2,132,18230,75970,NGJ1
1609714817360244642,1609714817359415791,0,1,111311,T,N,0,2816000000,2,4,18230,75970,NGV1
1609714817360244642,1609714817359415791,0,1,41645,T,N,0,-195000000,2,4,18230,75970,NGJ1-NGV1
1609714817390531541,1609714817389621787,0,1,111293,T,A,0,2627000000,1,4,18021,76059,NGG1
1609714817393667847,1609714817389891051,0,1,111293,T,A,0,2627000000,1,4,18295,76062,NGG1
1609714817393917555,1609714817390663177,0,1,41645,T,N,0,-194000000,1,4,17551,76068,NGJ1-NGV1
1609714817393917555,1609714817390663177,0,1,111311,T,N,0,2816000000,1,4,17551,76068,NGV1
1609714817393917555,1609714817390663177,0,1,111296,T,A,0,2622000000,1,132,17551,76068,NGJ1
1609714817394329286,1609714817393686413,0,1,111311,T,A,0,2816000000,1,4,21331,76076,NGV1
1609714817426720377,1609714817426344573,0,1,111293,T,A,0,2627000000,1,4,17542,76181,NGG1
1609714817433628740,1609714817433055497,0,1,41645,T,A,0,-194000000,2,4,17961,76188,NGJ1-NGV1
1609714817619527724,1609714817619089335,0,1,111293,T,B,0,2628000000,1,4,22548,76200,NGG1
1609714817724833527,1609714817723990627,0,1,62831,T,N,0,-70000000,1,4,17942,76213,NGM1-NGN1
1609714817724833527,1609714817723990627,0,1,121372,T,B,0,-52000000,1,132,17942,76213,NGK1-NGM1
1609714817724833527,1609714817723990627,0,1,34802,T,N,0,18000000,1,4,17942,76213,NG:BF K1-M1-N1
1609714817725814181,1609714817724856519,0,1,62831,T,B,0,-70000000,1,4,18642,76215,NGM1-NGN1
1609714817725814181,1609714817724856519,0,1,15052,T,N,0,-28000000,1,4,18642,76215,NGN1-NGQ1
1609714817725814181,1609714817724856519,0,1,91692,T,N,0,-42000000,1,4,18642,76215,NG:BF M1-N1-Q1
1609714817726483948,1609714817725885489,0,1,111311,T,N,0,2816000000,1,4,18563,76224,NGV1
1609714817726483948,1609714817725885489,0,1,41782,T,B,0,-129000000,1,132,18563,76224,NGM1-NGV1
1609714817726483948,1609714817725885489,0,1,111299,T,N,0,2687000000,1,4,18563,76224,NGM1
1609714817727056547,1609714817726516307,0,1,62831,T,A,0,-71000000,1,4,17892,76234,NGM1-NGN1
1609714817728275997,1609714817726602659,0,1,111311,T,N,0,2816000000,1,4,21424,76267,NGV1
1609714817728275997,1609714817726602659,0,1,111301,T,A,0,2760000000,1,132,21424,76267,NGN1
1609714817728275997,1609714817726602659,0,1,41898,T,N,0,-56000000,1,4,21424,76267,NGN1-NGV1
1609714817728285381,1609714817726606599,0,1,41898,T,N,0,-56000000,1,4,17958,76268,NGN1-NGV1
1609714817728285381,1609714817726606599,0,1,111301,T,A,0,2760000000,1,132,17958,76268,NGN1
1609714817728285381,1609714817726606599,0,1,111311,T,N,0,2816000000,1,4,17958,76268,NGV1
1609714818182811105,1609714818181971527,0,1,111293,T,N,0,2628000000,1,4,18989,76412,NGG1
1609714818182811105,1609714818181971527,0,1,215880,T,N,0,17000000,1,4,18989,76412,NGG1-NGH1
1609714818182811105,1609714818181971527,0,1,111294,T,B,0,2611000000,1,4,18989,76412,NGH1
1609714818183203348,1609714818182850025,0,1,111294,T,A,0,2611000000,4,4,18054,76425,NGH1
1609714818184480442,1609714818183235757,0,1,24512,T,A,0,-8000000,1,4,18785,76465,NGH1-NGJ1
1609714818309013342,1609714818307955987,0,1,111311,T,N,0,2816000000,2,4,19071,76586,NGV1
1609714818309013342,1609714818307955987,0,1,41645,T,B,0,-196000000,2,4,19071,76586,NGJ1-NGV1
1609714818309013342,1609714818307955987,0,1,111296,T,N,0,2620000000,2,4,19071,76586,NGJ1
1609714818312449967,1609714818311855949,0,1,24512,T,B,0,-8000000,4,4,18142,76654,NGH1-NGJ1
1609714818312693427,1609714818311869607,0,1,24512,T,B,0,-8000000,1,4,18265,76658,NGH1-NGJ1
1609714818841803930,1609714818841375813,0,1,111293,T,A,0,2628000000,1,4,17613,76726,NGG1
1609714818988883391,1609714818988465487,0,1,111293,T,A,0,2627000000,1,4,18534,76739,NGG1
1609714818989593086,1609714818989170641,0,1,111311,T,A,0,2816000000,1,4,17713,76751,NGV1
1609714819058763571,1609714819058355137,0,1,111293,T,A,0,2626000000,1,4,31293,76794,NGG1
1609714819172157604,1609714819171548895,0,1,111293,T,N,0,2628000000,1,4,19349,76816,NGG1
1609714819172157604,1609714819171548895,0,1,111294,T,B,0,2611000000,1,132,19349,76816,NGH1
1609714819172157604,1609714819171548895,0,1,215880,T,N,0,17000000,1,4,19349,76816,NGG1-NGH1
1609714819208768195,1609714819208258421,0,1,111293,T,N,0,2628000000,1,4,19263,76823,NGG1
1609714819208768195,1609714819208258421,0,1,111298,T,N,0,2632000000,1,4,19263,76823,NGK1
1609714819208768195,1609714819208258421,0,1,204962,T,B,0,-4000000,1,132,19263,76823,NGG1-NGK1
1609714819671987390,1609714819671625301,0,1,111293,T,B,0,2628000000,1,4,22376,76872,NGG1
1609714821142804750,1609714821141865111,0,1,111293,T,B,0,2628000000,1,4,20347,76995,NGG1
1609714821143971747,1609714821142936633,0,1,111293,T,A,0,2628000000,12,4,18094,77003,NGG1
1609714821144140679,1609714821142937683,0,1,111293,T,A,0,2628000000,1,4,17634,77005,NGG1
1609714821144316171,1609714821142938271,0,1,111293,T,A,0,2628000000,1,4,17574,77007,NGG1
1609714821144556158,1609714821142951467,0,1,111293,T,A,0,2628000000,1,4,18503,77009,NGG1
1609714821189284730,1609714821188727885,0,1,204979,T,B,0,-15000000,5,4,30575,77023,NGJ1-NGK1
1609714821455908999,1609714821455319919,0,1,111293,T,A,0,2628000000,5,4,19046,77083,NGG1
1609714821456859709,1609714821455972939,0,1,111293,T,A,0,2628000000,11,4,17425,77086,NGG1
1609714821457033705,1609714821455975563,0,1,111293,T,A,0,2628000000,1,4,18381,77088,NGG1
1609714821473658414,1609714821473099605,0,1,111293,T,A,0,2628000000,1,4,17947,77097,NGG1
1609714821493234157,1609714821491516195,0,1,204979,T,N,0,-15000000,1,4,18346,77100,NGJ1-NGK1
1609714821493234157,1609714821491516195,0,1,111298,T,N,0,2635000000,1,4,18346,77100,NGK1
1609714821493234157,1609714821491516195,0,1,111296,T,B,0,2620000000,1,132,18346,77100,NGJ1
1609714821495390073,1609714821493714585,0,1,111311,T,N,0,2816000000,1,4,18850,77112,NGV1
1609714821495390073,1609714821493714585,0,1,111301,T,A,0,2760000000,1,132,18850,77112,NGN1
1609714821495390073,1609714821493714585,0,1,41898,T,N,0,-56000000,1,4,18850,77112,NGN1-NGV1
1609714821635658016,1609714821635134465,0,1,111293,T,A,0,2628000000,1,4,17958,77295,NGG1
1609714821636171843,1609714821635137685,0,1,111293,T,A,0,2628000000,10,4,17461,77297,NGG1
1609714821659935118,1609714821659448601,0,1,111293,T,B,0,2629000000,4,4,18038,77345,NGG1
1609714821660900217,1609714821660362809,0,1,111293,T,A,0,2629000000,2,4,18844,77371,NGG1
1609714821661355032,1609714821660791621,0,1,111311,T,N,0,2816000000,1,4,18102,77375,NGV1
1609714821661355032,1609714821660791621,0,1,111296,T,A,0,2621000000,1,132,18102,77375,NGJ1
1609714821661355032,1609714821660791621,0,1,41645,T,N,0,-195000000,1,4,18102,77375,NGJ1-NGV1
1609714821688123761,1609714821687676691,0,1,111293,T,A,0,2629000000,1,4,17572,77495,NGG1
1609714821688842704,1609714821688504755,0,1,111293,T,A,0,2629000000,1,4,17249,77501,NGG1
1609714821694234989,1609714821693716153,0,1,111311,T,N,0,2816000000,1,4,18741,77514,NGV1
1609714821694234989,1609714821693716153,0,1,41898,T,N,0,-56000000,1,4,18741,77514,NGN1-NGV1
1609714821694234989,1609714821693716153,0,1,111301,T,A,0,2760000000,1,132,18741,77514,NGN1
1609714821839782689,1609714821838608169,0,1,111293,T,A,0,2629000000,1,4,17687,77606,NGG1
1609714821894339402,1609714821893717051,0,1,111301,T,A,0,2760000000,1,132,18866,77613,NGN1
1609714821894339402,1609714821893717051,0,1,41898,T,N,0,-56000000,1,4,18866,77613,NGN1-NGV1
1609714821894339402,1609714821893717051,0,1,111311,T,N,0,2816000000,1,4,18866,77613,NGV1
1609714822072252585,1609714822071888283,0,1,111293,T,A,0,2629000000,1,4,18065,77674,NGG1
1609714822345156620,1609714822342730217,0,1,111293,T,A,0,2629000000,2,4,19114,77710,NGG1
1609714822345156620,1609714822342730217,0,1,111293,T,A,0,2628000000,42,4,19114,77710,NGG1
1609714822748053597,1609714822747480743,0,1,111293,T,A,0,2629000000,2,4,17804,77763,NGG1
1609714822765180525,1609714822764769525,0,1,111293,T,B,0,2630000000,1,4,18352,77788,NGG1
1609714822767447648,1609714822766725839,0,1,111293,T,N,0,2629000000,1,4,18782,77802,NGG1
1609714822767447648,1609714822766725839,0,1,215880,T,N,0,18000000,1,4,18782,77802,NGG1-NGH1
1609714822767447648,1609714822766725839,0,1,111294,T,A,0,2611000000,1,132,18782,77802,NGH1
1609714823034124531,1609714823033751457,0,1,111293,T,A,0,2629000000,1,4,17503,77854,NGG1
1609714823488501416,1609714823486880853,0,1,111293,T,N,0,2630000000,3,4,19671,77895,NGG1
1609714823488501416,1609714823486880853,0,1,111296,T,B,0,2622000000,3,132,19671,77895,NGJ1
1609714823488501416,1609714823486880853,0,1,24463,T,N,0,8000000,3,4,19671,77895,NGG1-NGJ1
1609714823489505474,1609714823488534965,0,1,111296,T,A,0,2622000000,1,132,20600,77898,NGJ1
1609714823489505474,1609714823488534965,0,1,111311,T,N,0,2816000000,1,4,20600,77898,NGV1
1609714823489505474,1609714823488534965,0,1,41645,T,N,0,-194000000,1,4,20600,77898,NGJ1-NGV1
1609714823577514478,1609714823577089951,0,1,111293,T,A,0,2629000000,1,4,18268,77983,NGG1
1609714823848478613,1609714823847875021,0,1,111293,T,B,0,2630000000,9,4,19027,78030,NGG1
1609714823849113904,1609714823848502457,0,1,41645,T,N,0,-194000000,1,4,17989,78036,NGJ1-NGV1
1609714823849113904,1609714823848502457,0,1,111311,T,N,0,2816000000,1,4,17989,78036,NGV1
1609714823849113904,1609714823848502457,0,1,111296,T,A,0,2622000000,1,132,17989,78036,NGJ1
1609714823870268760,1609714823869798147,0,1,111293,T,B,0,2630000000,1,4,17503,78141,NGG1
1609714823870867367,1609714823870514467,0,1,111293,T,B,0,2630000000,1,4,18399,78150,NGG1
1609714824098682727,1609714824098092609,0,1,111296,T,A,0,2622000000,1,132,21201,78200,NGJ1
1609714824098682727,1609714824098092609,0,1,111311,T,N,0,2816000000,1,4,21201,78200,NGV1
1609714824098682727,1609714824098092609,0,1,41645,T,N,0,-194000000,1,4,21201,78200,NGJ1-NGV1
1609714824364272944,1609714824362645403,0,1,215880,T,B,0,18000000,26,4,21159,78316,NGG1-NGH1
1609714824364272944,1609714824362645403,0,1,215880,T,B,0,19000000,35,4,21159,78316,NGG1-NGH1
1609714824364272944,1609714824362645403,0,1,215880,T,B,0,20000000,39,4,21159,78316,NGG1-NGH1
1609714824365315302,1609714824364288345,0,1,24463,T,B,0,11000000,3,4,19556,78331,NGG1-NGJ1
1609714824365421406,1609714824364294969,0,1,111293,T,N,0,2631000000,1,4,28155,78333,NGG1
1609714824365421406,1609714824364294969,0,1,111298,T,N,0,2635000000,1,4,28155,78333,NGK1
1609714824365421406,1609714824364294969,0,1,204962,T,B,0,-4000000,1,132,28155,78333,NGG1-NGK1
1609714824365625365,1609714824364295871,0,1,24463,T,B,0,11000000,4,4,26356,78337,NGG1-NGJ1
1609714824367357178,1609714824365622475,0,1,215880,T,B,0,20000000,9,4,18744,78389,NGG1-NGH1
1609714824367357178,1609714824365622475,0,1,24512,T,N,0,-8000000,4,4,18744,78389,NGH1-NGJ1
1609714824367357178,1609714824365622475,0,1,26953,T,N,0,28000000,4,4,18744,78389,NG:BF G1-H1-J1
1609714824367787425,1609714824366010695,0,1,111293,T,B,0,2631000000,3,4,16823,78418,NGG1
1609714824369973033,1609714824368605129,0,1,111293,T,A,0,2630000000,1,4,18429,78495,NGG1
1609714824370976587,1609714824369461901,0,1,111293,T,A,0,2630000000,1,132,19579,78501,NGG1
1609714824370976587,1609714824369461901,0,1,24463,T,N,0,11000000,1,4,19579,78501,NGG1-NGJ1
1609714824370976587,1609714824369461901,0,1,111296,T,N,0,2619000000,1,4,19579,78501,NGJ1
1609714824390855538,1609714824390318617,0,1,215880,T,B,0,21000000,5,4,18583,78576,NGG1-NGH1
1609714824391363509,1609714824390864871,0,1,215880,T,B,0,21000000,2,4,18413,78579,NGG1-NGH1
1609714824695602225,1609714824694963173,0,1,204979,T,A,0,-16000000,5,4,18850,78662,NGJ1-NGK1
1609714824946679931,1609714824945568197,0,1,215880,T,N,0,19000000,5,4,32344,78694,NGG1-NGH1
1609714824946679931,1609714824945568197,0,1,111293,T,N,0,2630000000,2,4,32344,78694,NGG1
1609714824946679931,1609714824945568197,0,1,111293,T,N,0,2631000000,3,4,32344,78694,NGG1
1609714824946679931,1609714824945568197,0,1,111294,T,B,0,2611000000,2,4,32344,78694,NGH1
1609714824946679931,1609714824945568197,0,1,111294,T,B,0,2612000000,3,132,32344,78694,NGH1
1609714824994710476,1609714824993273347,0,1,111293,T,A,0,2629000000,1,4,19802,78756,NGG1
1609714825660009253,1609714825658102729,0,1,111293,T,N,0,2631000000,10,4,21028,78799,NGG1
1609714825660009253,1609714825658102729,0,1,111294,T,N,0,2613000000,1,4,21028,78799,NGH1
1609714825660009253,1609714825658102729,0,1,111296,T,B,0,2621000000,11,132,21028,78799,NGJ1
1609714825660009253,1609714825658102729,0,1,24463,T,N,0,10000000,10,4,21028,78799,NGG1-NGJ1
1609714825660009253,1609714825658102729,0,1,24512,T,N,0,-8000000,1,4,21028,78799,NGH1-NGJ1
1609714825660688212,1609714825659952805,0,1,215880,T,A,0,19000000,1,4,18034,78807,NGG1-NGH1
1609714825660959095,1609714825659967713,0,1,215880,T,A,0,19000000,1,4,18199,78809,NGG1-NGH1
1609714825661210903,1609714825659976587,0,1,24512,T,A,0,-8000000,1,4,17942,78811,NGH1-NGJ1
1609714825663577122,1609714825660006375,0,1,215880,T,A,0,19000000,1,4,18536,78813,NGG1-NGH1
1609714825663905474,1609714825660025679,0,1,24512,T,A,0,-8000000,1,4,25033,78816,NGH1-NGJ1
1609714825664458577,1609714825660090953,0,1,24512,T,A,0,-8000000,1,4,23808,78818,NGH1-NGJ1
1609714825664458577,1609714825660070531,0,1,215880,T,A,0,19000000,1,4,23808,78818,NGG1-NGH1
1609714825664907916,1609714825660125413,0,1,215880,T,A,0,19000000,1,4,25095,78819,NGG1-NGH1
1609714825664907916,1609714825660141505,0,1,24512,T,A,0,-8000000,1,4,25095,78819,NGH1-NGJ1
1609714826884032098,1609714826881459489,0,1,171423,T,N,0,9250000,1,4,19098,78927,NGH2-HHH2
1609714826884032098,1609714826881459489,0,1,154903,T,N,0,2870000000,1,4,19098,78927,NGH2
1609714827791288337,1609714827790166147,0,1,111293,T,B,0,2631000000,1,4,17493,78981,NGG1
1609714828019107608,1609714828018431649,0,1,111293,T,N,0,2631000000,3,4,18394,79004,NGG1
1609714828019107608,1609714828018431649,0,1,24463,T,N,0,10000000,3,4,18394,79004,NGG1-NGJ1
1609714828019107608,1609714828018431649,0,1,111296,T,B,0,2621000000,3,132,18394,79004,NGJ1
1609714828019877898,1609714828019127541,0,1,215880,T,A,0,19000000,3,4,20253,79007,NGG1-NGH1
1609714828655949801,1609714828655358077,0,1,111293,T,A,0,2630000000,12,4,19158,79057,NGG1
1609714828656455232,1609714828655986413,0,1,111293,T,A,0,2629000000,1,4,17461,79064,NGG1
1609714828905917790,1609714828905485175,0,1,111293,T,B,0,2630000000,2,4,23282,79137,NGG1
1609714828906052226,1609714828905496143,0,1,111293,T,B,0,2630000000,1,4,19292,79139,NGG1
1609714830262589904,1609714830262108677,0,1,111293,T,B,0,2630000000,1,4,23735,79179,NGG1
1609714830676749893,1609714830676280699,0,1,111294,T,B,0,2610000000,1,4,19206,79294,NGH1
1609714830939462963,1609714830939087077,0,1,111296,T,B,0,2618000000,1,4,17419,79410,NGJ1
1609714831110555616,1609714831109900519,0,1,111296,T,B,0,2621000000,1,132,18163,79490,NGJ1
1609714831110555616,1609714831109900519,0,1,111293,T,N,0,2629000000,1,4,18163,79490,NGG1
1609714831110555616,1609714831109900519,0,1,24463,T,N,0,8000000,1,4,18163,79490,NGG1-NGJ1
1609714831312889357,1609714831310586765,0,1,111293,T,A,0,2628000000,2,4,21576,79543,NGG1
1609714831312889357,1609714831310586765,0,1,111293,T,A,0,2627000000,4,4,21576,79543,NGG1
1609714831312889357,1609714831310586765,0,1,111293,T,A,0,2626000000,6,4,21576,79543,NGG1
1609714831312889357,1609714831310586765,0,1,111294,T,N,0,2608000000,1,4,21576,79543,NGH1
1609714831312889357,1609714831310586765,0,1,215880,T,N,0,18000000,1,4,21576,79543,NGG1-NGH1
1609714831312889357,1609714831310586765,0,1,111311,T,N,0,2816000000,1,4,21576,79543,NGV1
1609714831312889357,1609714831310586765,0,1,41523,T,N,0,-190000000,1,4,21576,79543,NGG1-NGV1
1609714831313179105,1609714831311818279,0,1,111311,T,N,0,2816000000,1,4,21027,79551,NGV1
1609714831313179105,1609714831311818741,0,1,111311,T,A,0,2816000000,1,4,21027,79551,NGV1
1609714831313179105,1609714831311818279,0,1,111296,T,A,0,2620000000,1,132,21027,79551,NGJ1
1609714831313179105,1609714831311818279,0,1,41645,T,N,0,-196000000,1,4,21027,79551,NGJ1-NGV1
1609714831313179105,1609714831311832399,0,1,111299,T,A,0,2687000000,1,4,21027,79551,NGM1
1609714831316481198,1609714831312975749,0,1,111293,T,B,0,2626000000,1,4,17154,79641,NGG1
1609714831318118023,1609714831314994573,0,1,111293,T,B,0,2626000000,1,4,17861,79684,NGG1
1609714831319323829,1609714831316870325,0,1,111293,T,N,0,2626000000,7,4,17683,79711,NGG1
1609714831319323829,1609714831316870325,0,1,111311,T,N,0,2816000000,7,4,17683,79711,NGV1
1609714831319323829,1609714831316870325,0,1,41523,T,B,0,-190000000,7,132,17683,79711,NGG1-NGV1
1609714831319801940,1609714831317320801,0,1,111296,T,A,0,2616000000,1,4,19390,79725,NGJ1
1609714831320127535,1609714831317802585,0,1,215880,T,A,0,18000000,7,4,19140,79733,NGG1-NGH1
1609714831320326331,1609714831317802585,0,1,24512,T,A,0,-9000000,5,4,18444,79736,NGH1-NGJ1
1609714831320326331,1609714831317802585,0,1,24512,T,A,0,-10000000,2,4,18444,79736,NGH1-NGJ1
1609714831320646226,1609714831318754159,0,1,215880,T,A,0,18000000,2,4,17443,79744,NGG1-NGH1
1609714831320848582,1609714831318836481,0,1,215880,T,A,0,18000000,2,4,19625,79750,NGG1-NGH1
1609714831322385871,1609714831319617801,0,1,24512,T,B,0,-9000000,5,4,17096,79796,NGH1-NGJ1
1609714831323163810,1609714831320129401,0,1,111293,T,A,0,2625000000,4,4,19292,79813,NGG1
1609714831324964426,1609714831322325305,0,1,204979,T,A,0,-16000000,2,4,17493,79875,NGJ1-NGK1
1609714831326112312,1609714831323506475,0,1,111293,T,A,0,2625000000,1,4,17925,79931,NGG1
1609714831327084630,1609714831324555859,0,1,111293,T,A,0,2625000000,1,4,20979,79980,NGG1
1609714831327121126,1609714831324974171,0,1,204979,T,A,0,-16000000,8,4,19540,79982,NGJ1-NGK1
1609714831327167286,1609714831325005091,0,1,204979,T,A,0,-16000000,1,4,17530,79985,NGJ1-NGK1
1609714831327199714,1609714831325007125,0,1,204979,T,A,0,-16000000,1,4,17941,79987,NGJ1-NGK1
1609714831337884622,1609714831337096601,0,1,111293,T,B,0,2626000000,2,4,18133,80107,NGG1
1609714831366778867,1609714831365394219,0,1,111293,T,B,0,2626000000,1,4,17605,80170,NGG1
1609714831643478419,1609714831642795533,0,1,111293,T,B,0,2626000000,1,4,17513,80315,NGG1
1609714831643863306,1609714831643489339,0,1,111293,T,B,0,2626000000,1,4,18237,80317,NGG1
1609714831879086797,1609714831878031463,0,1,204963,T,B,0,-23000000,1,4,18044,80377,NGH1-NGK1
1609714831879126721,1609714831878655515,0,1,204979,T,B,0,-16000000,1,4,19329,80378,NGJ1-NGK1
1609714831879353884,1609714831878659583,0,1,24512,T,B,0,-9000000,1,4,17867,80380,NGH1-NGJ1
1609714831880231859,1609714831879790589,0,1,24512,T,B,0,-9000000,1,4,17765,80388,NGH1-NGJ1
1609714832728070129,1609714832727527477,0,1,41645,T,A,0,-196000000,5,4,19025,80480,NGJ1-NGV1
1609714833845185115,1609714833844722725,0,1,111293,T,B,0,2626000000,1,4,22534,80585,NGG1
1609714834579369879,1609714834578699947,0,1,111293,T,A,0,2625000000,11,4,23531,80612,NGG1
1609714834583061628,1609714834580156341,0,1,111293,T,A,0,2625000000,3,4,20855,80637,NGG1
1609714834583061628,1609714834580156341,0,1,215880,T,N,0,17000000,2,4,20855,80637,NGG1-NGH1
1609714834583061628,1609714834580156341,0,1,111294,T,N,0,2608000000,2,4,20855,80637,NGH1
1609714834583443683,1609714834580655411,0,1,111294,T,N,0,2608000000,1,4,19932,80647,NGH1
1609714834583443683,1609714834580655411,0,1,215880,T,N,0,17000000,1,4,19932,80647,NGG1-NGH1
1609714834583443683,1609714834580655411,0,1,111293,T,A,0,2625000000,1,132,19932,80647,NGG1
1609714834583802111,1609714834581175163,0,1,111293,T,B,0,2626000000,7,4,19851,80650,NGG1
1609714834584065786,1609714834583123527,0,1,111293,T,A,0,2625000000,2,132,20165,80659,NGG1
1609714834584065786,1609714834583123527,0,1,215880,T,N,0,17000000,2,4,20165,80659,NGG1-NGH1
1609714834584065786,1609714834583123527,0,1,111294,T,N,0,2608000000,2,4,20165,80659,NGH1
1609714834585079132,1609714834583264359,0,1,111294,T,N,0,2608000000,2,4,21190,80667,NGH1
1609714834585079132,1609714834583264359,0,1,215880,T,N,0,17000000,2,4,21190,80667,NGG1-NGH1
1609714834585079132,1609714834583264359,0,1,111293,T,A,0,2625000000,2,4,21190,80667,NGG1
1609714834585079132,1609714834583264359,0,1,111293,T,A,0,2624000000,1,4,21190,80667,NGG1
1609714834586772633,1609714834585693657,0,1,111293,T,A,0,2624000000,3,4,20560,80709,NGG1
1609714834596869842,1609714834596295423,0,1,215880,T,B,0,18000000,8,4,20444,80726,NGG1-NGH1
1609714834680586141,1609714834680171907,0,1,111293,T,A,0,2624000000,2,4,22304,80789,NGG1
1609714834681697147,1609714834681173765,0,1,111293,T,B,0,2626000000,7,4,23197,80806,NGG1
1609714834759484404,1609714834758404859,0,1,111293,T,N,0,2625000000,3,4,24026,80847,NGG1
1609714834759484404,1609714834758404859,0,1,111296,T,B,0,2618000000,4,4,24026,80847,NGJ1
1609714834759484404,1609714834758404859,0,1,24463,T,N,0,7000000,3,4,24026,80847,NGG1-NGJ1
1609714834818855288,1609714834818412483,0,1,111293,T,B,0,2626000000,2,4,20234,80870,NGG1
1609714835097380415,1609714835096968979,0,1,111294,T,A,0,2609000000,1,4,23195,80963,NGH1
1609714835719926031,1609714835718151063,0,1,215880,T,B,0,18000000,10,4,25738,81071,NGG1-NGH1
1609714835719926031,1609714835718151063,0,1,215880,T,B,0,19000000,31,4,25738,81071,NGG1-NGH1
1609714835719926031,1609714835718151063,0,1,215880,T,B,0,20000000,39,4,25738,81071,NGG1-NGH1
1609714835719926031,1609714835718151063,0,1,24512,T,N,0,-9000000,1,4,25738,81071,NGH1-NGJ1
1609714835719926031,1609714835718151063,0,1,26953,T,N,0,28000000,1,4,25738,81071,NG:BF G1-H1-J1
1609714835721070073,1609714835720455549,0,1,215880,T,A,0,20000000,9,4,19039,81098,NGG1-NGH1
1609714835721346084,1609714835720468625,0,1,111293,T,N,0,2627000000,1,4,19252,81105,NGG1
1609714835721346084,1609714835720468625,0,1,204962,T,B,0,-5000000,1,132,19252,81105,NGG1-NGK1
1609714835721346084,1609714835720468625,0,1,111298,T,N,0,2632000000,1,4,19252,81105,NGK1
1609714835722479978,1609714835720470197,0,1,215880,T,A,0,20000000,10,4,20419,81109,NGG1-NGH1
1609714835722641510,1609714835721040495,0,1,215880,T,A,0,20000000,9,4,21171,81116,NGG1-NGH1
1609714835722917725,1609714835721129329,0,1,215880,T,B,0,20000000,5,4,19130,81123,NGG1-NGH1
1609714835732705551,1609714835732202693,0,1,215880,T,A,0,19000000,1,4,17907,81215,NGG1-NGH1
1609714835891231961,1609714835890892259,0,1,111293,T,A,0,2626000000,1,4,17788,81265,NGG1
1609714835952660677,1609714835952306009,0,1,111293,T,A,0,2626000000,1,4,20091,81272,NGG1
1609714836140594299,1609714836140046723,0,1,215880,T,A,0,19000000,1,4,23303,81287,NGG1-NGH1
1609714836406206352,1609714836405761249,0,1,111293,T,A,0,2626000000,2,4,22389,81316,NGG1
1609714836662333233,1609714836661713355,0,1,111293,T,N,0,2627000000,1,4,20281,81348,NGG1
1609714836662333233,1609714836661713355,0,1,24463,T,N,0,8000000,1,4,20281,81348,NGG1-NGJ1
1609714836662333233,1609714836661713355,0,1,111296,T,B,0,2619000000,1,132,20281,81348,NGJ1
1609714836662986592,1609714836662499137,0,1,24512,T,A,0,-10000000,1,4,17907,81356,NGH1-NGJ1
1609714836673274664,1609714836672960385,0,1,111293,T,A,0,2626000000,1,4,17575,81382,NGG1
1609714836673616608,1609714836673287421,0,1,111293,T,A,0,2626000000,1,4,17357,81385,NGG1
1609714837274062492,1609714837273566715,0,1,204979,T,A,0,-17000000,5,4,18749,81431,NGJ1-NGK1
1609714837808437053,1609714837808088451,0,1,111293,T,A,0,2626000000,1,4,21730,81453,NGG1
1609714838173592170,1609714838173173919,0,1,111293,T,A,0,2626000000,1,4,25993,81463,NGG1
1609714839009162755,1609714839008822105,0,1,111293,T,A,0,2626000000,1,4,20123,81489,NGG1
1609714839254675052,1609714839254334845,0,1,111293,T,A,0,2626000000,4,4,23145,81501,NGG1
1609714840563667801,1609714840561857275,0,1,111293,T,N,0,2626000000,4,4,30366,81567,NGG1
1609714840563667801,1609714840561857275,0,1,111293,T,N,0,2627000000,1,4,30366,81567,NGG1
1609714840563667801,1609714840561857275,0,1,204979,T,N,0,-16000000,2,4,30366,81567,NGJ1-NGK1
1609714840563667801,1609714840561857275,0,1,111296,T,B,0,2618000000,5,4,30366,81567,NGJ1
1609714840563667801,1609714840561857275,0,1,111296,T,B,0,2619000000,3,4,30366,81567,NGJ1
1609714840563667801,1609714840561857275,0,1,24463,T,N,0,8000000,5,4,30366,81567,NGG1-NGJ1
1609714840563667801,1609714840561857275,0,1,111298,T,N,0,2635000000,2,4,30366,81567,NGK1
1609714841122339225,1609714841121785559,0,1,62831,T,B,0,-70000000,5,4,18398,81691,NGM1-NGN1
1609714841123041476,1609714841122353099,0,1,62831,T,B,0,-70000000,6,4,23424,81715,NGM1-NGN1
1609714841123930430,1609714841123056427,0,1,62831,T,B,0,-70000000,1,4,19130,81727,NGM1-NGN1
1609714841123930430,1609714841123056427,0,1,91692,T,N,0,-42000000,1,4,19130,81727,NG:BF M1-N1-Q1
1609714841123930430,1609714841123056427,0,1,15052,T,N,0,-28000000,1,4,19130,81727,NGN1-NGQ1
1609714841144011059,1609714841143662661,0,1,111293,T,A,0,2625000000,1,4,18166,81762,NGG1
1609714841145765948,1609714841144642979,0,1,24512,T,A,0,-11000000,5,4,18884,81808,NGH1-NGJ1
1609714841491490674,1609714841490779571,0,1,111293,T,A,0,2625000000,2,4,18256,81985,NGG1
1609714841806796137,1609714841805878743,0,1,111293,T,B,0,2624000000,3,4,23863,82117,NGG1
1609714841806796137,1609714841805878743,0,1,111293,T,B,0,2626000000,4,4,23863,82117,NGG1
1609714842112609150,1609714842111900323,0,1,111293,T,N,0,2626000000,1,4,23385,82177,NGG1
1609714842112609150,1609714842111900323,0,1,24463,T,N,0,9000000,1,4,23385,82177,NGG1-NGJ1
1609714842112609150,1609714842111900323,0,1,111296,T,A,0,2617000000,1,132,23385,82177,NGJ1
1609714842763271266,1609714842762737087,0,1,204979,T,A,0,-17000000,5,4,20861,82266,NGJ1-NGK1
1609714843085813466,1609714843085310333,0,1,111293,T,A,0,2626000000,1,4,22969,82269,NGG1
1609714843451511157,1609714843450811781,0,1,204979,T,B,0,-16000000,5,4,18221,82566,NGJ1-NGK1
1609714843780696769,1609714843780262575,0,1,111293,T,A,0,2626000000,1,4,22457,82606,NGG1
1609714844175829060,1609714844175230735,0,1,24512,T,B,0,-10000000,5,4,19090,82786,NGH1-NGJ1
1609714844191516570,1609714844191156491,0,1,111293,T,A,0,2626000000,1,4,17656,82823,NGG1
1609714845172509646,1609714845171706819,0,1,121372,T,A,0,-53000000,1,4,18268,82982,NGK1-NGM1
1609714845346244729,1609714845345348313,0,1,204979,T,A,0,-17000000,6,4,18289,83102,NGJ1-NGK1
1609714845914100011,1609714845913573795,0,1,111293,T,A,0,2626000000,1,4,20381,83288,NGG1
1609714845915161561,1609714845914767377,0,1,111293,T,A,0,2626000000,1,4,17692,83308,NGG1
1609714845930894839,1609714845930530421,0,1,111293,T,A,0,2626000000,1,4,17650,83320,NGG1
1609714846218181064,1609714846217808797,0,1,111294,T,A,0,2606000000,2,4,17768,83347,NGH1
1609714846322290981,1609714846321936571,0,1,111293,T,A,0,2626000000,1,4,18399,83401,NGG1
1609714846994543836,1609714846994030445,0,1,111293,T,A,0,2626000000,1,4,19261,83549,NGG1
1609714847232334070,1609714847231833539,0,1,204979,T,B,0,-17000000,10,4,20224,83585,NGJ1-NGK1
1609714848085749704,1609714848085024171,0,1,111293,T,B,0,2627000000,2,4,23831,83626,NGG1
1609714848085749704,1609714848085024171,0,1,111293,T,B,0,2628000000,5,4,23831,83626,NGG1
1609714848086139860,1609714848085187323,0,1,215880,T,B,0,20000000,8,4,21989,83630,NGG1-NGH1
1609714848087319377,1609714848085232631,0,1,215880,T,N,0,19000000,4,4,23585,83632,NGG1-NGH1
1609714848087319377,1609714848085232631,0,1,111293,T,N,0,2628000000,2,4,23585,83632,NGG1
1609714848087319377,1609714848085232631,0,1,111293,T,N,0,2629000000,2,4,23585,83632,NGG1
1609714848087319377,1609714848085232631,0,1,111294,T,B,0,2608000000,1,4,23585,83632,NGH1
1609714848087319377,1609714848085232631,0,1,111294,T,B,0,2609000000,3,4,23585,83632,NGH1
1609714848087319377,1609714848085232631,0,1,111294,T,B,0,2610000000,4,4,23585,83632,NGH1
1609714848087319377,1609714848085232631,0,1,24512,T,N,0,-10000000,2,4,23585,83632,NGH1-NGJ1
1609714848087319377,1609714848085232631,0,1,111296,T,N,0,2618000000,1,4,23585,83632,NGJ1
1609714848087319377,1609714848085232631,0,1,111296,T,N,0,2620000000,1,4,23585,83632,NGJ1
1609714848087857116,1609714848085376159,0,1,111293,T,B,0,2630000000,6,4,18192,83648,NGG1
1609714848087857116,1609714848085376159,0,1,111293,T,B,0,2631000000,1,4,18192,83648,NGG1
1609714848090012780,1609714848087334245,0,1,24512,T,B,0,-10000000,3,4,16769,83700,NGH1-NGJ1
1609714850635224706,1609714850634448461,0,1,111293,T,N,0,2629000000,3,4,20658,84226,NGG1
1609714850635224706,1609714850634448461,0,1,111296,T,A,0,2618000000,3,4,20658,84226,NGJ1
1609714850635224706,1609714850634448461,0,1,24463,T,N,0,11000000,3,4,20658,84226,NGG1-NGJ1
1609714850636227880,1609714850635489203,0,1,111296,T,A,0,2617000000,1,4,29950,84250,NGJ1
1609714851002535207,1609714851001920671,0,1,111293,T,B,0,2629000000,2,4,18751,84358,NGG1
1609714851002535207,1609714851001920671,0,1,111293,T,B,0,2630000000,5,4,18751,84358,NGG1
1609714851040454616,1609714851039848201,0,1,111296,T,N,0,2618000000,1,4,18462,84390,NGJ1
1609714851040454616,1609714851039848201,0,1,24512,T,N,0,-9000000,1,4,18462,84390,NGH1-NGJ1
1609714851040454616,1609714851039848201,0,1,111294,T,B,0,2609000000,1,132,18462,84390,NGH1
1609714851150899325,1609714851150429607,0,1,204979,T,B,0,-17000000,5,4,17992,84399,NGJ1-NGK1
1609714851605667670,1609714851605073101,0,1,61251,T,A,0,8250000,5,4,17935,84449,NGG1-HHG1
1609714851721677019,1609714851721271261,0,1,111296,T,B,0,2618000000,19,4,18406,84520,NGJ1
1609714852188578604,1609714852187927417,0,1,204979,T,A,0,-18000000,10,4,20003,84589,NGJ1-NGK1
